%% This BibTeX bibliography file was created using BibDesk.
%% http://bibdesk.sourceforge.net/


%% Created for Sahar Rahmani at 2013-11-03 17:25:30 -0500 


%% Saved with string encoding Unicode (UTF-8) 
@article{Abdo10,
	Adsnote = {Provided by the SAO/NASA Astrophysics Data System},
	Adsurl = {http://adsabs.harvard.edu/abs/2010ApJ...710..133A},
	Archiveprefix = {arXiv},
	Author = {{Abdo}, A.~A. and {Ackermann}, M. and {Ajello}, M. and {et al.}},
	Doi = {10.1088/0004-637X/710/1/133},
	Eprint = {0912.3618},
	Journal = {\apj},
	Keywords = {cosmic rays, gamma rays: diffuse background, ISM: clouds},
	Month = feb,
	Pages = {133-149},
	Primaryclass = {astro-ph.HE},
	Title = {{Fermi Observations of Cassiopeia and Cepheus: Diffuse Gamma-ray Emission in the Outer Galaxy}},
	Volume = 710,
	Year = 2010,
	Bdsk-Url-1 = {http://dx.doi.org/10.1088/0004-637X/710/1/133}}

@article{Auger09,
	Adsnote = {Provided by the SAO/NASA Astrophysics Data System},
	Adsurl = {http://adsabs.harvard.edu/abs/2009ApJ...705.1099A},
	Archiveprefix = {arXiv},
	Author = {{Auger}, M.~W. and {Treu}, T. and {Bolton}, A.~S. and {Gavazzi}, R. and {Koopmans}, L.~V.~E. and {Marshall}, P.~J. and {Bundy}, K. and {Moustakas}, L.~A.},
	Doi = {10.1088/0004-637X/705/2/1099},
	Eprint = {0911.2471},
	Journal = {\apj},
	Keywords = {galaxies: elliptical and lenticular, cD, gravitational lensing, surveys},
	Month = nov,
	Pages = {1099-1115},
	Primaryclass = {astro-ph.CO},
	Title = {{The Sloan Lens ACS Survey. IX. Colors, Lensing, and Stellar Masses of Early-Type Galaxies}},
	Volume = 705,
	Year = 2009,
	Bdsk-Url-1 = {http://dx.doi.org/10.1088/0004-637X/705/2/1099}}

@article{Baldry03,
	Adsnote = {Provided by the SAO/NASA Astrophysics Data System},
	Adsurl = {http://adsabs.harvard.edu/abs/2003ApJ...593..258B},
	Author = {{Baldry}, I.~K. and {Glazebrook}, K.},
	Doi = {10.1086/376502},
	Eprint = {astro-ph/0304423},
	Journal = {\apj},
	Keywords = {Galaxies: Evolution, Stars: Luminosity Function, Mass Function, Ultraviolet: Galaxies},
	Month = aug,
	Pages = {258-271},
	Title = {{Constraints on a Universal Stellar Initial Mass Function from Ultraviolet to Near-Infrared Galaxy Luminosity Densities}},
	Volume = 593,
	Year = 2003,
	Bdsk-Url-1 = {http://dx.doi.org/10.1086/376502}}

@article{Bastin10,
	Adsnote = {Provided by the SAO/NASA Astrophysics Data System},
	Adsurl = {http://adsabs.harvard.edu/abs/2010ARA%26A..48..339B},
	Archiveprefix = {arXiv},
	Author = {{Bastian}, N. and {Covey}, K.~R. and {Meyer}, M.~R.},
	Doi = {10.1146/annurev-astro-082708-101642},
	Eprint = {1001.2965},
	Journal = {\araa},
	Month = sep,
	Pages = {339-389},
	Primaryclass = {astro-ph.GA},
	Title = {{A Universal Stellar Initial Mass Function? A Critical Look at Variations}},
	Volume = 48,
	Year = 2010,
	Bdsk-Url-1 = {http://dx.doi.org/10.1146/annurev-astro-082708-101642}}

@article{Basu97,
	Adsnote = {Provided by the SAO/NASA Astrophysics Data System},
	Adsurl = {http://adsabs.harvard.edu/abs/1997ApJ...485..240B},
	Author = {{Basu}, S.},
	Doi = {10.1086/304420},
	Journal = {\apj},
	Keywords = {ISM: CLOUDS, ISM: MAGNETIC FIELDS, MAGNETOHYDRODYNAMICS: MHD, STARS: FORMATION, STARS: PRE-MAIN-SEQUENCE},
	Month = aug,
	Pages = {240},
	Title = {{A Semianalytic Model for Supercritical Core Collapse: Self-similar Evolution and the Approach to Protostar Formation}},
	Volume = 485,
	Year = 1997,
	Bdsk-Url-1 = {http://dx.doi.org/10.1086/304420}}

@article{Bell03,
	Adsnote = {Provided by the SAO/NASA Astrophysics Data System},
	Adsurl = {http://adsabs.harvard.edu/abs/2003ApJ...586..794B},
	Author = {{Bell}, E.~F.},
	Doi = {10.1086/367829},
	Eprint = {astro-ph/0212121},
	Journal = {\apj},
	Keywords = {ISM: Cosmic Rays, ISM: Dust, Extinction, Galaxies: General, Infrared: Galaxies, Radio Continuum: Galaxies, Ultraviolet: Galaxies},
	Month = apr,
	Pages = {794-813},
	Title = {{Estimating Star Formation Rates from Infrared and Radio Luminosities: The Origin of the Radio-Infrared Correlation}},
	Volume = 586,
	Year = 2003,
	Bdsk-Url-1 = {http://dx.doi.org/10.1086/367829}}

@article{Bell01,
	Adsnote = {Provided by the SAO/NASA Astrophysics Data System},
	Adsurl = {http://adsabs.harvard.edu/abs/2001ApJ...550..212B},
	Author = {{Bell}, E.~F. and {de Jong}, R.~S.},
	Doi = {10.1086/319728},
	Eprint = {astro-ph/0011493},
	Journal = {\apj},
	Keywords = {ISM: Dust, Extinction, Galaxies: Evolution, Galaxies: Kinematics and Dynamics, Galaxies: Spiral, Galaxies: Stellar Content},
	Month = mar,
	Pages = {212-229},
	Title = {{Stellar Mass-to-Light Ratios and the Tully-Fisher Relation}},
	Volume = 550,
	Year = 2001,
	Bdsk-Url-1 = {http://dx.doi.org/10.1086/319728}}

@article{Bell00,
	Adsnote = {Provided by the SAO/NASA Astrophysics Data System},
	Adsurl = {http://adsabs.harvard.edu/abs/2000MNRAS.312..497B},
	Author = {{Bell}, E.~F. and {de Jong}, R.~S.},
	Doi = {10.1046/j.1365-8711.2000.03138.x},
	Eprint = {astro-ph/9909402},
	Journal = {\mnras},
	Keywords = {GALAXIES: ABUNDANCES, GALAXIES: EVOLUTION, GALAXIES: GENERAL, GALAXIES: SPIRAL, GALAXIES: STELLAR CONTENT, GALAXIES: STRUCTURE},
	Month = mar,
	Pages = {497-520},
	Title = {{The stellar populations of spiral galaxies}},
	Volume = 312,
	Year = 2000,
	Bdsk-Url-1 = {http://dx.doi.org/10.1046/j.1365-8711.2000.03138.x}}

@article{Bigiel08,
	Adsnote = {Provided by the SAO/NASA Astrophysics Data System},
	Adsurl = {http://adsabs.harvard.edu/abs/2008AJ....136.2846B},
	Archiveprefix = {arXiv},
	Author = {{Bigiel}, F. and {Leroy}, A. and {Walter}, F. and {Brinks}, E. and {de Blok}, W.~J.~G. and {Madore}, B. and {Thornley}, M.~D.},
	Doi = {10.1088/0004-6256/136/6/2846},
	Eprint = {0810.2541},
	Journal = {\aj},
	Keywords = {galaxies: evolution, galaxies: ISM, radio lines: galaxies, radio lines: ISM},
	Month = dec,
	Pages = {2846-2871},
	Title = {{The Star Formation Law in Nearby Galaxies on Sub-Kpc Scales}},
	Volume = 136,
	Year = 2008,
	Bdsk-Url-1 = {http://dx.doi.org/10.1088/0004-6256/136/6/2846}}

@article{Bolato13,
	Adsnote = {Provided by the SAO/NASA Astrophysics Data System},
	Adsurl = {http://adsabs.harvard.edu/abs/2013ARA%26A..51..207B},
	Archiveprefix = {arXiv},
	Author = {{Bolatto}, A.~D. and {Wolfire}, M. and {Leroy}, A.~K.},
	Doi = {10.1146/annurev-astro-082812-140944},
	Eprint = {1301.3498},
	Journal = {\araa},
	Month = aug,
	Pages = {207-268},
	Primaryclass = {astro-ph.GA},
	Title = {{The CO-to-H$_{2}$ Conversion Factor}},
	Volume = 51,
	Year = 2013,
	Bdsk-Url-1 = {http://dx.doi.org/10.1146/annurev-astro-082812-140944}}

@article{Boquien10,
	Adsnote = {Provided by the SAO/NASA Astrophysics Data System},
	Adsurl = {http://adsabs.harvard.edu/abs/2010ApJ...713..626B},
	Archiveprefix = {arXiv},
	Author = {{Boquien}, M. and {Bendo}, G. and {Calzetti}, D. and {et al.}},
	Doi = {10.1088/0004-637X/713/1/626},
	Eprint = {1003.1339},
	Journal = {\apj},
	Keywords = {infrared: galaxies},
	Month = apr,
	Pages = {626-636},
	Primaryclass = {astro-ph.CO},
	Title = {{Total Infrared Luminosity Estimation of Resolved and Unresolved Galaxies}},
	Volume = 713,
	Year = 2010,
	Bdsk-Url-1 = {http://dx.doi.org/10.1088/0004-637X/713/1/626}}

@article{Boquien11,
	Adsnote = {Provided by the SAO/NASA Astrophysics Data System},
	Adsurl = {http://adsabs.harvard.edu/abs/2011AJ....142..111B},
	Archiveprefix = {arXiv},
	Author = {{Boquien}, M. and {Calzetti}, D. and {Combes}, F. and {et al.}},
	Doi = {10.1088/0004-6256/142/4/111},
	Eid = {111},
	Eprint = {1107.2396},
	Journal = {\aj},
	Keywords = {dust, extinction, galaxies: individual: M33, infrared: galaxies, Local Group},
	Month = oct,
	Pages = {111},
	Primaryclass = {astro-ph.CO},
	Title = {{Dust Heating Sources in Galaxies: The Case of M33 (HERM33ES)}},
	Volume = 142,
	Year = 2011,
	Bdsk-Url-1 = {http://dx.doi.org/10.1088/0004-6256/142/4/111}}

@article{Bosselli02,
	Adsnote = {Provided by the SAO/NASA Astrophysics Data System},
	Adsurl = {http://adsabs.harvard.edu/abs/2002Ap%26SS.281..127B},
	Author = {{Boselli}, A. and {Lequeux}, J. and {Gavazzi}, G.},
	Doi = {10.1023/A:1019599512232},
	Journal = {\apss},
	Month = jul,
	Pages = {127-128},
	Title = {{The CO to H$_{2}$ Conversion Factor in Normal Late-Type Galaxies}},
	Volume = 281,
	Year = 2002,
	Bdsk-Url-1 = {http://dx.doi.org/10.1023/A:1019599512232}}

@article{Braun09,
	Adsnote = {Provided by the SAO/NASA Astrophysics Data System},
	Adsurl = {http://adsabs.harvard.edu/abs/2009ApJ...695..937B},
	Archiveprefix = {arXiv},
	Author = {{Braun}, R. and {Thilker}, D.~A. and {Walterbos}, R.~A.~M. and {Corbelli}, E.},
	Doi = {10.1088/0004-637X/695/2/937},
	Eprint = {0901.4154},
	Journal = {\apj},
	Keywords = {galaxies: individual: M31, galaxies: ISM, Local Group, radio lines: galaxies, stars: formation},
	Month = apr,
	Pages = {937-953},
	Primaryclass = {astro-ph.CO},
	Title = {{A Wide-Field High-Resolution H I Mosaic of Messier 31. I. Opaque Atomic Gas and Star Formation Rate Density}},
	Volume = 695,
	Year = 2009,
	Bdsk-Url-1 = {http://dx.doi.org/10.1088/0004-637X/695/2/937}}

@article{Bruzual93,
	Adsnote = {Provided by the SAO/NASA Astrophysics Data System},
	Adsurl = {http://adsabs.harvard.edu/abs/1993ApJ...405..538B},
	Author = {{Bruzual A.}, G. and {Charlot}, S.},
	Doi = {10.1086/172385},
	Journal = {\apj},
	Keywords = {ASTRONOMICAL MODELS, ASTRONOMICAL SPECTROSCOPY, STELLAR EVOLUTION, STELLAR SPECTRA, ASTRONOMICAL PHOTOMETRY, COLOR-MAGNITUDE DIAGRAM, FAR ULTRAVIOLET RADIATION, METALLICITY, NEAR INFRARED RADIATION, PLANETARY NEBULAE, RED SHIFT, SUN, WHITE DWARF STARS},
	Month = mar,
	Pages = {538-553},
	Title = {{Spectral evolution of stellar populations using isochrone synthesis}},
	Volume = 405,
	Year = 1993,
	Bdsk-Url-1 = {http://dx.doi.org/10.1086/172385}}

@article{Buat89,
	Adsnote = {Provided by the SAO/NASA Astrophysics Data System},
	Adsurl = {http://adsabs.harvard.edu/abs/1989A%26A...223...42B},
	Author = {{Buat}, V. and {Deharveng}, J.~M. and {Donas}, J.},
	Journal = {\aap},
	Keywords = {GALACTIC EVOLUTION, GAS DENSITY, HYDROGEN, STAR FORMATION, ULTRAVIOLET RADIATION, ABUNDANCE, EMISSION SPECTRA, MOLECULAR GASES, STAR FORMATION RATE},
	Month = oct,
	Pages = {42-46},
	Title = {{Star formation rate and gas surface density in late-type galaxies}},
	Volume = 223,
	Year = 1989}

@article{Buat05,
	Adsnote = {Provided by the SAO/NASA Astrophysics Data System},
	Adsurl = {http://adsabs.harvard.edu/abs/2005ApJ...619L..51B},
	Author = {{Buat}, V. and {Iglesias-P{\'a}ramo}, J. and {Seibert}, M. and {et al.}},
	Doi = {10.1086/423241},
	Eprint = {astro-ph/0411343},
	Journal = {\apjl},
	Keywords = {ISM: Dust, Extinction, Galaxies: Photometry, Galaxies: Stellar Content, Infrared: Galaxies, Ultraviolet: Galaxies},
	Month = jan,
	Pages = {L51-L54},
	Title = {{Dust Attenuation in the Nearby Universe: A Comparison between Galaxies Selected in the Ultraviolet and in the Far-Infrared}},
	Volume = 619,
	Year = 2005,
	Bdsk-Url-1 = {http://dx.doi.org/10.1086/423241}}

@inproceedings{Calzetti08,
	Adsnote = {Provided by the SAO/NASA Astrophysics Data System},
	Adsurl = {http://adsabs.harvard.edu/abs/2008ASPC..390..121C},
	Archiveprefix = {arXiv},
	Author = {{Calzetti}, D.},
	Booktitle = {Pathways Through an Eclectic Universe},
	Editor = {{Knapen}, J.~H. and {Mahoney}, T.~J. and {Vazdekis}, A.},
	Eprint = {0707.0467},
	Month = jun,
	Pages = {121},
	Series = {Astronomical Society of the Pacific Conference Series},
	Title = {{Star Formation Rate Determinations}},
	Volume = 390,
	Year = 2008}

@article{Calzetti07,
	Adsnote = {Provided by the SAO/NASA Astrophysics Data System},
	Adsurl = {http://adsabs.harvard.edu/abs/2007ApJ...666..870C},
	Archiveprefix = {arXiv},
	Author = {{Calzetti}, D. and {Kennicutt}, R.~C. and {Engelbracht}, C.~W. and {et al.}},
	Doi = {10.1086/520082},
	Eprint = {0705.3377},
	Journal = {\apj},
	Keywords = {Galaxies: Interactions, Galaxies: ISM, Galaxies: Starburst, ISM: Structure},
	Month = sep,
	Pages = {870-895},
	Title = {{The Calibration of Mid-Infrared Star Formation Rate Indicators}},
	Volume = 666,
	Year = 2007,
	Bdsk-Url-1 = {http://dx.doi.org/10.1086/520082}}

@article{Calzetti10,
	Adsnote = {Provided by the SAO/NASA Astrophysics Data System},
	Adsurl = {http://adsabs.harvard.edu/abs/2010ApJ...714.1256C},
	Archiveprefix = {arXiv},
	Author = {{Calzetti}, D. and {Wu}, S.-Y. and {Hong}, S. and {et al.}},
	Doi = {10.1088/0004-637X/714/2/1256},
	Eprint = {1003.0961},
	Journal = {\apj},
	Keywords = {galaxies: interactions, galaxies: ISM, galaxies: starburst, infrared: galaxies, ISM: structure, stars: formation},
	Month = may,
	Pages = {1256-1279},
	Primaryclass = {astro-ph.CO},
	Title = {{The Calibration of Monochromatic Far-Infrared Star Formation Rate Indicators}},
	Volume = 714,
	Year = 2010,
	Bdsk-Url-1 = {http://dx.doi.org/10.1088/0004-637X/714/2/1256}}

@article{Calzetti01,
	Adsnote = {Provided by the SAO/NASA Astrophysics Data System},
	Adsurl = {http://adsabs.harvard.edu/abs/2001PASP..113.1449C},
	Author = {{Calzetti}, D.},
	Doi = {10.1086/324269},
	Eprint = {astro-ph/0109035},
	Journal = {\pasp},
	Keywords = {ISM: Dust, Extinction, Galaxies: ISM, Galaxies: Starburst, infrared: galaxies, ultraviolet: galaxies},
	Month = dec,
	Pages = {1449-1485},
	Title = {{The Dust Opacity of Star-forming Galaxies}},
	Volume = 113,
	Year = 2001,
	Bdsk-Url-1 = {http://dx.doi.org/10.1086/324269}}

@article{Calzetti04,
	Adsnote = {Provided by the SAO/NASA Astrophysics Data System},
	Adsurl = {http://adsabs.harvard.edu/abs/2004AJ....127.1405C},
	Author = {{Calzetti}, D. and {Harris}, J. and {Gallagher}, III, J.~S. and {et al.}},
	Doi = {10.1086/382095},
	Eprint = {astro-ph/0312385},
	Journal = {\aj},
	Keywords = {Galaxies: ISM, Galaxies: Interactions, Galaxies: Starburst, ISM: Structure},
	Month = mar,
	Pages = {1405-1430},
	Title = {{The Ionized Gas in Local Starburst Galaxies: Global and Small-Scale Feedback from Star Formation}},
	Volume = 127,
	Year = 2004,
	Bdsk-Url-1 = {http://dx.doi.org/10.1086/382095}}

@article{Cappellari06,
	Adsnote = {Provided by the SAO/NASA Astrophysics Data System},
	Adsurl = {http://adsabs.harvard.edu/abs/2006MNRAS.366.1126C},
	Author = {{Cappellari}, M. and {Bacon}, R. and {Bureau}, M. and {et al.}},
	Doi = {10.1111/j.1365-2966.2005.09981.x},
	Eprint = {astro-ph/0505042},
	Journal = {\mnras},
	Keywords = {galaxies: elliptical and lenticular, cD, galaxies: evolution, galaxies: formation, galaxies: kinematics and dynamics, galaxies: structure},
	Month = mar,
	Pages = {1126-1150},
	Title = {{The SAURON project - IV. The mass-to-light ratio, the virial mass estimator and the Fundamental Plane of elliptical and lenticular galaxies}},
	Volume = 366,
	Year = 2006,
	Bdsk-Url-1 = {http://dx.doi.org/10.1111/j.1365-2966.2005.09981.x}}

@article{Conti03,
	Adsnote = {Provided by the SAO/NASA Astrophysics Data System},
	Adsurl = {http://adsabs.harvard.edu/abs/2003AJ....126.2330C},
	Author = {{Conti}, A. and {Connolly}, A.~J. and {Hopkins}, A.~M. and {Budav{\'a}ri}, T. and {Szalay}, A.~S. and {Csabai}, I. and {Schmidt}, S.~J. and {Adams}, C. and {Petrovic}, N.},
	Doi = {10.1086/378598},
	Eprint = {astro-ph/0307470},
	Journal = {\aj},
	Keywords = {Cosmology: Observations, Galaxies: Distances and Redshifts, Galaxies: Evolution, Galaxies: Formation, Galaxies: Luminosity Function, Mass Function},
	Month = nov,
	Pages = {2330-2345},
	Title = {{The Star Formation History of Galaxies Measured from Individual Pixels. I. The Hubble Deep Field North}},
	Volume = 126,
	Year = 2003,
	Bdsk-Url-1 = {http://dx.doi.org/10.1086/378598}}

@article{Corbelli11,
	Adsnote = {Provided by the SAO/NASA Astrophysics Data System},
	Adsurl = {http://adsabs.harvard.edu/abs/2011A%26A...528A.116C},
	Archiveprefix = {arXiv},
	Author = {{Corbelli}, E. and {Giovanardi}, C. and {Palla}, F. and {Verley}, S.},
	Doi = {10.1051/0004-6361/201015977},
	Eid = {A116},
	Eprint = {1101.5886},
	Journal = {\aap},
	Keywords = {galaxies: individual: M 33, local group, galaxies: star formation, ISM: clouds, ISM: molecules, stars: AGB and post-AGB},
	Month = apr,
	Pages = {A116},
	Primaryclass = {astro-ph.CO},
	Title = {{On the nature of faint mid-infrared sources in M 33}},
	Volume = 528,
	Year = 2011,
	Bdsk-Url-1 = {http://dx.doi.org/10.1051/0004-6361/201015977}}

@article{Dalcanton12,
	Adsnote = {Provided by the SAO/NASA Astrophysics Data System},
	Adsurl = {http://adsabs.harvard.edu/abs/2012ApJS..198....6D},
	Archiveprefix = {arXiv},
	Author = {{Dalcanton}, J.~J. and {Williams}, B.~F. and {Melbourne}, J.~L. and {et al.}},
	Doi = {10.1088/0067-0049/198/1/6},
	Eid = {6},
	Eprint = {1109.6893},
	Journal = {\apjs},
	Keywords = {galaxies: abundances, galaxies: distances and redshifts, galaxies: dwarf, galaxies: irregular, galaxies: stellar content, infrared: stars, stars: AGB and post-AGB, stars: carbon},
	Month = jan,
	Pages = {6},
	Primaryclass = {astro-ph.CO},
	Title = {{Resolved Near-infrared Stellar Populations in Nearby Galaxies}},
	Volume = 198,
	Year = 2012,
	Bdsk-Url-1 = {http://dx.doi.org/10.1088/0067-0049/198/1/6}}

@article{Draine03,
	Adsnote = {Provided by the SAO/NASA Astrophysics Data System},
	Adsurl = {http://adsabs.harvard.edu/abs/2003ARA%26A..41..241D},
	Author = {{Draine}, B.~T.},
	Doi = {10.1146/annurev.astro.41.011802.094840},
	Eprint = {astro-ph/0304489},
	Journal = {\araa},
	Pages = {241-289},
	Title = {{Interstellar Dust Grains}},
	Volume = 41,
	Year = 2003,
	Bdsk-Url-1 = {http://dx.doi.org/10.1146/annurev.astro.41.011802.094840}}

@article{Eales10,
	Adsnote = {Provided by the SAO/NASA Astrophysics Data System},
	Adsurl = {http://adsabs.harvard.edu/abs/2010A%26A...518L..62E},
	Archiveprefix = {arXiv},
	Author = {{Eales}, S.~A. and {Smith}, M.~W.~L. and {Wilson}, C.~D. and {et al.}},
	Doi = {10.1051/0004-6361/201014536},
	Eid = {L62},
	Eprint = {1005.2113},
	Journal = {\aap},
	Keywords = {galaxies: ISM, galaxies: spiral, dust, extinction, ISM: abundances},
	Month = jul,
	Pages = {L62},
	Primaryclass = {astro-ph.CO},
	Title = {{Mapping the interstellar medium in galaxies with Herschel/SPIRE}},
	Volume = 518,
	Year = 2010,
	Bdsk-Url-1 = {http://dx.doi.org/10.1051/0004-6361/201014536}}

@article{Ealas12,
	Adsnote = {Provided by the SAO/NASA Astrophysics Data System},
	Adsurl = {http://adsabs.harvard.edu/abs/2012ApJ...761..168E},
	Archiveprefix = {arXiv},
	Author = {{Eales}, S. and {Smith}, M.~W.~L. and {Auld}, R. and {et al.}},
	Doi = {10.1088/0004-637X/761/2/168},
	Eid = {168},
	Eprint = {1202.0547},
	Journal = {\apj},
	Keywords = {dust, extinction, galaxies: ISM, galaxies: spiral},
	Month = dec,
	Pages = {168},
	Primaryclass = {astro-ph.CO},
	Title = {{Can Dust Emission be Used to Estimate the Mass of the Interstellar Medium in Galaxies{\mdash}A Pilot Project with the Herschel Reference Survey}},
	Volume = 761,
	Year = 2012,
	Bdsk-Url-1 = {http://dx.doi.org/10.1088/0004-637X/761/2/168}}

@inproceedings{Elmgrenn11,
	Adsnote = {Provided by the SAO/NASA Astrophysics Data System},
	Adsurl = {http://adsabs.harvard.edu/abs/2011EAS....51....3E},
	Archiveprefix = {arXiv},
	Author = {{Elmegreen}, B.~G.},
	Booktitle = {EAS Publications Series},
	Doi = {10.1051/eas/1151001},
	Editor = {{Charbonnel}, C. and {Montmerle}, T.},
	Eprint = {1101.3108},
	Month = nov,
	Pages = {3-17},
	Primaryclass = {astro-ph.GA},
	Series = {EAS Publications Series},
	Title = {{Star Formation on Galactic Scales: Empirical Laws}},
	Volume = 51,
	Year = 2011,
	Bdsk-Url-1 = {http://dx.doi.org/10.1051/eas/1151001}}

@article{Elmgreen84,
	Adsnote = {Provided by the SAO/NASA Astrophysics Data System},
	Adsurl = {http://adsabs.harvard.edu/abs/1984ApJS...54..127E},
	Author = {{Elmegreen}, D.~M. and {Elmegreen}, B.~G.},
	Doi = {10.1086/190922},
	Journal = {\apjs},
	Keywords = {ASTRONOMICAL PHOTOMETRY, GALACTIC STRUCTURE, SPIRAL GALAXIES, STELLAR COLOR, DENSITY (NUMBER/VOLUME), STAR DISTRIBUTION, STELLAR EVOLUTION, STELLAR LUMINOSITY},
	Month = jan,
	Pages = {127-149},
	Title = {{Blue and near-infrared surface photometry of spiral structure in 34 nonbarred grand design and flocculent galaxies}},
	Volume = 54,
	Year = 1984,
	Bdsk-Url-1 = {http://dx.doi.org/10.1086/190922}}

@article{Eskew12,
	Adsnote = {Provided by the SAO/NASA Astrophysics Data System},
	Adsurl = {http://adsabs.harvard.edu/abs/2012AJ....143..139E},
	Archiveprefix = {arXiv},
	Author = {{Eskew}, M. and {Zaritsky}, D. and {Meidt}, S.},
	Doi = {10.1088/0004-6256/143/6/139},
	Eid = {139},
	Eprint = {1204.0524},
	Journal = {\aj},
	Keywords = {galaxies: fundamental parameters, galaxies: stellar content, Magellanic Clouds},
	Month = jun,
	Pages = {139},
	Primaryclass = {astro-ph.GA},
	Title = {{Converting from 3.6 and 4.5 {$\mu$}m Fluxes to Stellar Mass}},
	Volume = 143,
	Year = 2012,
	Bdsk-Url-1 = {http://dx.doi.org/10.1088/0004-6256/143/6/139}}

@article{Evans09,
	Adsnote = {Provided by the SAO/NASA Astrophysics Data System},
	Adsurl = {http://adsabs.harvard.edu/abs/2009ApJS..181..321E},
	Archiveprefix = {arXiv},
	Author = {{Evans}, II, N.~J. and {Dunham}, M.~M. and {J{\o}rgensen}, J.~K. and {et al.}},
	Doi = {10.1088/0067-0049/181/2/321},
	Eid = {321},
	Eprint = {0811.1059},
	Journal = {\apjs},
	Keywords = {dust, extinction, infrared: stars, ISM: clouds, stars: formation},
	Month = apr,
	Pages = {321-350},
	Title = {{The Spitzer c2d Legacy Results: Star-Formation Rates and Efficiencies; Evolution and Lifetimes}},
	Volume = 181,
	Year = 2009,
	Bdsk-Url-1 = {http://dx.doi.org/10.1088/0067-0049/181/2/321}}

@article{Ford13,
	Adsnote = {Provided by the SAO/NASA Astrophysics Data System},
	Adsurl = {http://adsabs.harvard.edu/abs/2013ApJ...769...55F},
	Archiveprefix = {arXiv},
	Author = {{Ford}, G.~P. and {Gear}, W.~K. and {Smith}, M.~W.~L. and {et al.}},
	Doi = {10.1088/0004-637X/769/1/55},
	Eid = {55},
	Eprint = {1303.6284},
	Journal = {\apj},
	Keywords = {galaxies: evolution, galaxies: spiral, galaxies: star formation, infrared: galaxies, ISM: general, Local Group, stars: formation, submillimeter: ISM, ultraviolet: stars},
	Month = may,
	Pages = {55},
	Primaryclass = {astro-ph.CO},
	Title = {{Herschel Exploitation of Local Galaxy Andromeda (HELGA). III. The Star Formation Law in M31}},
	Volume = 769,
	Year = 2013,
	Bdsk-Url-1 = {http://dx.doi.org/10.1088/0004-637X/769/1/55}}

@article{Freeman70,
	Adsnote = {Provided by the SAO/NASA Astrophysics Data System},
	Adsurl = {http://adsabs.harvard.edu/abs/1970ApJ...160..811F},
	Author = {{Freeman}, K.~C.},
	Doi = {10.1086/150474},
	Journal = {\apj},
	Month = jun,
	Pages = {811},
	Title = {{On the Disks of Spiral and so Galaxies}},
	Volume = 160,
	Year = 1970,
	Bdsk-Url-1 = {http://dx.doi.org/10.1086/150474}}

@article{Gavvazi96,
	Adsnote = {Provided by the SAO/NASA Astrophysics Data System},
	Adsurl = {http://adsabs.harvard.edu/abs/1996A%26A...312L..29G},
	Author = {{Gavazzi}, G. and {Scodeggio}, M.},
	Journal = {\aap},
	Keywords = {GALAXIES: EVOLUTION, GALAXIES: FUNDAMENTAL PARAMETERS, GALAXIES: FORMATION},
	Month = aug,
	Pages = {L29-L32},
	Title = {{The mass dependence of the star formation history of disk galaxies.}},
	Volume = 312,
	Year = 1996}

@article{Genzel10,
	Adsnote = {Provided by the SAO/NASA Astrophysics Data System},
	Adsurl = {http://adsabs.harvard.edu/abs/2010RvMP...82.3121G},
	Archiveprefix = {arXiv},
	Author = {{Genzel}, R. and {Eisenhauer}, F. and {Gillessen}, S.},
	Doi = {10.1103/RevModPhys.82.3121},
	Eprint = {1006.0064},
	Journal = {Reviews of Modern Physics},
	Keywords = {Galactic center bar circumnuclear matter and bulge},
	Month = oct,
	Pages = {3121-3195},
	Primaryclass = {astro-ph.GA},
	Title = {{The Galactic Center massive black hole and nuclear star cluster}},
	Volume = 82,
	Year = 2010,
	Bdsk-Url-1 = {http://dx.doi.org/10.1103/RevModPhys.82.3121}}

@article{Gnedin10,
	Adsnote = {Provided by the SAO/NASA Astrophysics Data System},
	Adsurl = {http://adsabs.harvard.edu/abs/2010ApJ...714..287G},
	Archiveprefix = {arXiv},
	Author = {{Gnedin}, N.~Y. and {Kravtsov}, A.~V.},
	Doi = {10.1088/0004-637X/714/1/287},
	Eprint = {0912.3005},
	Journal = {\apj},
	Keywords = {cosmology: theory, galaxies: evolution, galaxies: formation, methods: numerical, stars: formation},
	Month = may,
	Pages = {287-295},
	Primaryclass = {astro-ph.CO},
	Title = {{On the Kennicutt-Schmidt Relation of Low-Metallicity High-Redshift Galaxies}},
	Volume = 714,
	Year = 2010,
	Bdsk-Url-1 = {http://dx.doi.org/10.1088/0004-637X/714/1/287}}

@article{Hao11,
	Adsnote = {Provided by the SAO/NASA Astrophysics Data System},
	Adsurl = {http://adsabs.harvard.edu/abs/2011ApJ...741..124H},
	Archiveprefix = {arXiv},
	Author = {{Hao}, C.-N. and {Kennicutt}, R.~C. and {Johnson}, B.~D. and {Calzetti}, D. and {Dale}, D.~A. and {Moustakas}, J.},
	Doi = {10.1088/0004-637X/741/2/124},
	Eid = {124},
	Eprint = {1108.2837},
	Journal = {\apj},
	Keywords = {dust, extinction, galaxies: ISM, infrared: galaxies, ultraviolet: galaxies},
	Month = nov,
	Pages = {124},
	Primaryclass = {astro-ph.CO},
	Title = {{Dust-corrected Star Formation Rates of Galaxies. II. Combinations of Ultraviolet and Infrared Tracers}},
	Volume = 741,
	Year = 2011,
	Bdsk-Url-1 = {http://dx.doi.org/10.1088/0004-637X/741/2/124}}

@article{Helou86,
	Adsnote = {Provided by the SAO/NASA Astrophysics Data System},
	Adsurl = {http://adsabs.harvard.edu/abs/1986ApJ...311L..33H},
	Author = {{Helou}, G.},
	Doi = {10.1086/184793},
	Journal = {\apjl},
	Keywords = {ASTRONOMICAL PHOTOMETRY, GALACTIC STRUCTURE, INFRARED SPECTRA, STAR FORMATION, STELLAR COLOR, ASTRONOMICAL MODELS, COLOR-COLOR DIAGRAM, EMISSION SPECTRA, FAR INFRARED RADIATION, INFRARED ASTRONOMY SATELLITE, STAR FORMATION RATE, STELLAR LUMINOSITY, TEMPERATURE DEPENDENCE},
	Month = dec,
	Pages = {L33-L36},
	Title = {{The IRAS colors of normal galaxies}},
	Volume = 311,
	Year = 1986,
	Bdsk-Url-1 = {http://dx.doi.org/10.1086/184793}}

@article{Hildebran83,
	Adsnote = {Provided by the SAO/NASA Astrophysics Data System},
	Adsurl = {http://adsabs.harvard.edu/abs/1983QJRAS..24..267H},
	Author = {{Hildebrand}, R.~H.},
	Journal = {\qjras},
	Month = sep,
	Pages = {267},
	Title = {{The Determination of Cloud Masses and Dust Characteristics from Submillimetre Thermal Emission}},
	Volume = 24,
	Year = 1983}

@article{Hollenbach99,
	Adsnote = {Provided by the SAO/NASA Astrophysics Data System},
	Adsurl = {http://adsabs.harvard.edu/abs/1999RvMP...71..173H},
	Author = {{Hollenbach}, D.~J. and {Tielens}, A.~G.~G.~M.},
	Doi = {10.1103/RevModPhys.71.173},
	Journal = {Reviews of Modern Physics},
	Month = jan,
	Pages = {173-230},
	Title = {{Photodissociation regions in the interstellar medium of galaxies}},
	Volume = 71,
	Year = 1999,
	Bdsk-Url-1 = {http://dx.doi.org/10.1103/RevModPhys.71.173}}

@article{Hunter04,
	Adsnote = {Provided by the SAO/NASA Astrophysics Data System},
	Adsurl = {http://adsabs.harvard.edu/abs/2004AJ....128.2170H},
	Author = {{Hunter}, D.~A. and {Elmegreen}, B.~G.},
	Doi = {10.1086/424615},
	Eprint = {astro-ph/0408229},
	Journal = {\aj},
	Keywords = {Galaxies: Irregular, Stars: Formation},
	Month = nov,
	Pages = {2170-2205},
	Title = {{Star Formation Properties of a Large Sample of Irregular Galaxies}},
	Volume = 128,
	Year = 2004,
	Bdsk-Url-1 = {http://dx.doi.org/10.1086/424615}}

@article{Hunter98,
	Adsnote = {Provided by the SAO/NASA Astrophysics Data System},
	Adsurl = {http://adsabs.harvard.edu/abs/1998ApJ...493..595H},
	Author = {{Hunter}, D.~A. and {Elmegreen}, B.~G. and {Baker}, A.~L.},
	Doi = {10.1086/305158},
	Eprint = {astro-ph/9712353},
	Journal = {\apj},
	Keywords = {GALAXIES: EVOLUTION, GALAXIES: IRREGULAR, GALAXIES: ISM, STARS: FORMATION},
	Month = jan,
	Pages = {595},
	Title = {{The Relationship between Gas, Stars, and Star Formation in Irregular Galaxies: A Test of Simple Models}},
	Volume = 493,
	Year = 1998,
	Bdsk-Url-1 = {http://dx.doi.org/10.1086/305158}}

@article{Israel05,
	Adsnote = {Provided by the SAO/NASA Astrophysics Data System},
	Adsurl = {http://adsabs.harvard.edu/abs/2005A%26A...438..855I},
	Author = {{Israel}, F.~P.},
	Doi = {10.1051/0004-6361:20042237},
	Eprint = {astro-ph/0504569},
	Journal = {\aap},
	Keywords = {galaxies: abundances, ISM: abundances, ISM: molecules, galaxies: irregular, submillimeter},
	Month = aug,
	Pages = {855-866},
	Title = {{Molecular gas in compact galaxies}},
	Volume = 438,
	Year = 2005,
	Bdsk-Url-1 = {http://dx.doi.org/10.1051/0004-6361:20042237}}

@article{Kauffmann03,
	Adsnote = {Provided by the SAO/NASA Astrophysics Data System},
	Adsurl = {http://adsabs.harvard.edu/abs/2003MNRAS.341...33K},
	Author = {{Kauffmann}, G. and {Heckman}, T.~M. and {White}, S.~D.~M. and {et al.}},
	Doi = {10.1046/j.1365-8711.2003.06291.x},
	Eprint = {astro-ph/0204055},
	Journal = {\mnras},
	Keywords = {galaxies: evolution, galaxies: formation, galaxies: stellar content},
	Month = may,
	Pages = {33-53},
	Title = {{Stellar masses and star formation histories for 10$^{5}$ galaxies from the Sloan Digital Sky Survey}},
	Volume = 341,
	Year = 2003,
	Bdsk-Url-1 = {http://dx.doi.org/10.1046/j.1365-8711.2003.06291.x}}

@inproceedings{Kennicutt08,
	Adsnote = {Provided by the SAO/NASA Astrophysics Data System},
	Adsurl = {http://adsabs.harvard.edu/abs/2008ASPC..390..149K},
	Author = {{Kennicutt}, Jr., R.~C.},
	Booktitle = {Pathways Through an Eclectic Universe},
	Editor = {{Knapen}, J.~H. and {Mahoney}, T.~J. and {Vazdekis}, A.},
	Month = jun,
	Pages = {149},
	Series = {Astronomical Society of the Pacific Conference Series},
	Title = {{The Schmidt Law: Is it Universal and What Are its Implications?}},
	Volume = 390,
	Year = 2008}

@article{Kennicutt12,
	Adsnote = {Provided by the SAO/NASA Astrophysics Data System},
	Adsurl = {http://adsabs.harvard.edu/abs/2012ARA%26A..50..531K},
	Archiveprefix = {arXiv},
	Author = {{Kennicutt}, R.~C. and {Evans}, N.~J.},
	Doi = {10.1146/annurev-astro-081811-125610},
	Eprint = {1204.3552},
	Journal = {\araa},
	Month = sep,
	Pages = {531-608},
	Primaryclass = {astro-ph.GA},
	Title = {{Star Formation in the Milky Way and Nearby Galaxies}},
	Volume = 50,
	Year = 2012,
	Bdsk-Url-1 = {http://dx.doi.org/10.1146/annurev-astro-081811-125610}}

@article{Kennicutt98b,
	Adsnote = {Provided by the SAO/NASA Astrophysics Data System},
	Adsurl = {http://adsabs.harvard.edu/abs/1998ApJ...498..541K},
	Author = {{Kennicutt}, Jr., R.~C.},
	Doi = {10.1086/305588},
	Eprint = {astro-ph/9712213},
	Journal = {\apj},
	Keywords = {GALAXIES: EVOLUTION, GALAXIES: ISM, GALAXIES: SPIRAL, GALAXIES: STELLAR CONTENT, GALAXIES: STARBURST, STARS: FORMATION},
	Month = may,
	Pages = {541},
	Title = {{The Global Schmidt Law in Star-forming Galaxies}},
	Volume = 498,
	Year = 1998,
	Bdsk-Url-1 = {http://dx.doi.org/10.1086/305588}}

@article{Kennicutt98a,
	Adsnote = {Provided by the SAO/NASA Astrophysics Data System},
	Adsurl = {http://adsabs.harvard.edu/abs/1998ARA%26A..36..189K},
	Author = {{Kennicutt}, Jr., R.~C.},
	Doi = {10.1146/annurev.astro.36.1.189},
	Eprint = {astro-ph/9807187},
	Journal = {\araa},
	Pages = {189-232},
	Title = {{Star Formation in Galaxies Along the Hubble Sequence}},
	Volume = 36,
	Year = 1998,
	Bdsk-Url-1 = {http://dx.doi.org/10.1146/annurev.astro.36.1.189}}

@article{Kennicutt92,
	Adsnote = {Provided by the SAO/NASA Astrophysics Data System},
	Adsurl = {http://adsabs.harvard.edu/abs/1992ApJ...388..310K},
	Author = {{Kennicutt}, Jr., R.~C.},
	Doi = {10.1086/171154},
	Journal = {\apj},
	Keywords = {ASTRONOMICAL SPECTROSCOPY, EMISSION SPECTRA, H ALPHA LINE, LINE SPECTRA, PECULIAR GALAXIES, ACTIVE GALACTIC NUCLEI, IRREGULAR GALAXIES, SPIRAL GALAXIES, STAR FORMATION RATE, STARBURST GALAXIES},
	Month = apr,
	Pages = {310-327},
	Title = {{The integrated spectra of nearby galaxies - General properties and emission-line spectra}},
	Volume = 388,
	Year = 1992,
	Bdsk-Url-1 = {http://dx.doi.org/10.1086/171154}}

@article{Kennicutt89,
	Adsnote = {Provided by the SAO/NASA Astrophysics Data System},
	Adsurl = {http://adsabs.harvard.edu/abs/1989ApJ...344..685K},
	Author = {{Kennicutt}, Jr., R.~C.},
	Doi = {10.1086/167834},
	Journal = {\apj},
	Keywords = {GALACTIC EVOLUTION, H ALPHA LINE, H II REGIONS, INTERSTELLAR GAS, STAR FORMATION RATE, EMISSION SPECTRA, GAS DYNAMICS, RADIAL DISTRIBUTION, SPIRAL GALAXIES},
	Month = sep,
	Pages = {685-703},
	Title = {{The star formation law in galactic disks}},
	Volume = 344,
	Year = 1989,
	Bdsk-Url-1 = {http://dx.doi.org/10.1086/167834}}

@article{Kennicutt07,
	Adsnote = {Provided by the SAO/NASA Astrophysics Data System},
	Adsurl = {http://adsabs.harvard.edu/abs/2007ApJ...671..333K},
	Archiveprefix = {arXiv},
	Author = {{Kennicutt}, Jr., R.~C. and {Calzetti}, D. and {Walter}, F. and {et al.}},
	Doi = {10.1086/522300},
	Eprint = {0708.0922},
	Journal = {\apj},
	Keywords = {Galaxies: Evolution, galaxies: individual (M51a), galaxies: individual (NGC 5194), Galaxies: ISM, ISM: H II Regions, Infrared: Galaxies, Stars: Formation},
	Month = dec,
	Pages = {333-348},
	Title = {{Star Formation in NGC 5194 (M51a). II. The Spatially Resolved Star Formation Law}},
	Volume = 671,
	Year = 2007,
	Bdsk-Url-1 = {http://dx.doi.org/10.1086/522300}}

@article{Kennicutt09,
	Adsnote = {Provided by the SAO/NASA Astrophysics Data System},
	Adsurl = {http://adsabs.harvard.edu/abs/2009ApJ...703.1672K},
	Archiveprefix = {arXiv},
	Author = {{Kennicutt}, Jr., R.~C. and {Hao}, C.-N. and {Calzetti}, D. and {et al.}},
	Doi = {10.1088/0004-637X/703/2/1672},
	Eid = {1672},
	Eprint = {0908.0203},
	Journal = {\apj},
	Keywords = {dust, extinction, galaxies: evolution, galaxies: ISM, H II regions, stars: formation},
	Month = oct,
	Pages = {1672-1695},
	Primaryclass = {astro-ph.CO},
	Title = {{Dust-corrected Star Formation Rates of Galaxies. I. Combinations of H{$\alpha$} and Infrared Tracers}},
	Volume = 703,
	Year = 2009,
	Bdsk-Url-1 = {http://dx.doi.org/10.1088/0004-637X/703/2/1672}}

@article{Kewley02,
	Adsnote = {Provided by the SAO/NASA Astrophysics Data System},
	Adsurl = {http://adsabs.harvard.edu/abs/2002AJ....124.3135K},
	Author = {{Kewley}, L.~J. and {Geller}, M.~J. and {Jansen}, R.~A. and {Dopita}, M.~A.},
	Doi = {10.1086/344487},
	Eprint = {astro-ph/0208508},
	Journal = {\aj},
	Keywords = {ISM: Dust, Extinction, Galaxies: Spiral, Galaxies: Starburst},
	Month = dec,
	Pages = {3135-3143},
	Title = {{The H{$\alpha$} and Infrared Star Formation Rates for the Nearby Field Galaxy Survey}},
	Volume = 124,
	Year = 2002,
	Bdsk-Url-1 = {http://dx.doi.org/10.1086/344487}}

@article{Kotulla09,
	Adsnote = {Provided by the SAO/NASA Astrophysics Data System},
	Adsurl = {http://adsabs.harvard.edu/abs/2009MNRAS.396..462K},
	Archiveprefix = {arXiv},
	Author = {{Kotulla}, R. and {Fritze}, U. and {Weilbacher}, P. and {Anders}, P.},
	Doi = {10.1111/j.1365-2966.2009.14717.x},
	Eprint = {0903.0378},
	Journal = {\mnras},
	Keywords = {stars: evolution , galaxies: abundances , galaxies: evolution , galaxies: formation , galaxies: star clusters , galaxies: stellar content},
	Month = jun,
	Pages = {462-484},
	Primaryclass = {astro-ph.CO},
	Title = {{GALEV evolutionary synthesis models - I. Code, input physics and web interface}},
	Volume = 396,
	Year = 2009,
	Bdsk-Url-1 = {http://dx.doi.org/10.1111/j.1365-2966.2009.14717.x}}

@article{Kroupa01,
	Adsnote = {Provided by the SAO/NASA Astrophysics Data System},
	Adsurl = {http://adsabs.harvard.edu/abs/2001MNRAS.322..231K},
	Author = {{Kroupa}, P.},
	Doi = {10.1046/j.1365-8711.2001.04022.x},
	Eprint = {astro-ph/0009005},
	Journal = {\mnras},
	Keywords = {BINARIES: GENERAL, STARS: FORMATION, STARS: KINEMATICS, STARS: LUMINOSITY FUNCTION, MASS FUNCTION, GLOBULAR CLUSTERS: GENERAL, OPEN CLUSTERS AND ASSOCIATIONS: GENERAL},
	Month = apr,
	Pages = {231-246},
	Title = {{On the variation of the initial mass function}},
	Volume = 322,
	Year = 2001,
	Bdsk-Url-1 = {http://dx.doi.org/10.1046/j.1365-8711.2001.04022.x}}

@article{Kroupa93,
	Adsnote = {Provided by the SAO/NASA Astrophysics Data System},
	Adsurl = {http://adsabs.harvard.edu/abs/1993MNRAS.262..545K},
	Author = {{Kroupa}, P. and {Tout}, C.~A. and {Gilmore}, G.},
	Journal = {\mnras},
	Keywords = {BINARY STARS, GALACTIC NUCLEI, MILKY WAY GALAXY, STAR DISTRIBUTION, STELLAR MASS, COLOR-MAGNITUDE DIAGRAM, MAIN SEQUENCE STARS, MASS TO LIGHT RATIOS, METALLICITY, SOLAR NEIGHBORHOOD, STELLAR EVOLUTION, STELLAR LUMINOSITY},
	Month = jun,
	Pages = {545-587},
	Title = {{The distribution of low-mass stars in the Galactic disc}},
	Volume = 262,
	Year = 1993}

@article{Lee10,
	Adsnote = {Provided by the SAO/NASA Astrophysics Data System},
	Adsurl = {http://adsabs.harvard.edu/abs/2010ApJ...725.1644L},
	Archiveprefix = {arXiv},
	Author = {{Lee}, S.-K. and {Ferguson}, H.~C. and {Somerville}, R.~S. and {Wiklind}, T. and {Giavalisco}, M.},
	Doi = {10.1088/0004-637X/725/2/1644},
	Eprint = {1010.1966},
	Journal = {\apj},
	Keywords = {galaxies: evolution, galaxies: fundamental parameters, galaxies: high-redshift, galaxies: statistics, galaxies: stellar content, methods: statistical},
	Month = dec,
	Pages = {1644-1651},
	Primaryclass = {astro-ph.CO},
	Title = {{The Estimation of Star Formation Rates and Stellar Population Ages of High-redshift Galaxies from Broadband Photometry}},
	Volume = 725,
	Year = 2010,
	Bdsk-Url-1 = {http://dx.doi.org/10.1088/0004-637X/725/2/1644}}

@article{Leitherer99,
	Adsnote = {Provided by the SAO/NASA Astrophysics Data System},
	Adsurl = {http://adsabs.harvard.edu/abs/1999ApJS..123....3L},
	Author = {{Leitherer}, C. and {Schaerer}, D. and {Goldader}, J.~D. and {et al.}},
	Doi = {10.1086/313233},
	Eprint = {astro-ph/9902334},
	Journal = {\apjs},
	Keywords = {GALAXIES: EVOLUTION, GALAXIES: FUNDAMENTAL PARAMETERS, GALAXIES: STARBURST, GALAXIES: STELLAR CONTENT, METHODS: NUMERICAL},
	Month = jul,
	Pages = {3-40},
	Title = {{Starburst99: Synthesis Models for Galaxies with Active Star Formation}},
	Volume = 123,
	Year = 1999,
	Bdsk-Url-1 = {http://dx.doi.org/10.1086/313233}}

@article{Leroy08,
	Adsnote = {Provided by the SAO/NASA Astrophysics Data System},
	Adsurl = {http://adsabs.harvard.edu/abs/2008AJ....136.2782L},
	Archiveprefix = {arXiv},
	Author = {{Leroy}, A.~K. and {Walter}, F. and {Brinks}, E. and {Bigiel}, F. and {de Blok}, W.~J.~G. and {Madore}, B. and {Thornley}, M.~D.},
	Doi = {10.1088/0004-6256/136/6/2782},
	Eprint = {0810.2556},
	Journal = {\aj},
	Keywords = {galaxies: evolution, galaxies: ISM, radio lines: galaxies, stars: formation},
	Month = dec,
	Pages = {2782-2845},
	Title = {{The Star Formation Efficiency in Nearby Galaxies: Measuring Where Gas Forms Stars Effectively}},
	Volume = 136,
	Year = 2008,
	Bdsk-Url-1 = {http://dx.doi.org/10.1088/0004-6256/136/6/2782}}

@article{Lisenfeld98,
	Adsnote = {Provided by the SAO/NASA Astrophysics Data System},
	Adsurl = {http://adsabs.harvard.edu/abs/1998ApJ...496..145L},
	Author = {{Lisenfeld}, U. and {Ferrara}, A.},
	Doi = {10.1086/305354},
	Eprint = {astro-ph/9705037},
	Journal = {\apj},
	Keywords = {ISM: DUST, EXTINCTION, GALAXIES: ABUNDANCES, GALAXIES: EVOLUTION, GALAXIES: IRREGULAR, GALAXIES: STELLAR CONTENT},
	Month = mar,
	Pages = {145},
	Title = {{Dust-to-Gas Ratio and Metal Abundance in Dwarf Galaxies}},
	Volume = 496,
	Year = 1998,
	Bdsk-Url-1 = {http://dx.doi.org/10.1086/305354}}

@article{Maraston06,
	Adsnote = {Provided by the SAO/NASA Astrophysics Data System},
	Adsurl = {http://adsabs.harvard.edu/abs/2006ApJ...652...85M},
	Author = {{Maraston}, C. and {Daddi}, E. and {Renzini}, A. and {et al.}},
	Doi = {10.1086/508143},
	Eprint = {astro-ph/0604530},
	Journal = {\apj},
	Keywords = {Galaxies: Evolution, Galaxies: Formation, Galaxies: High-Redshift, Stars: AGB and Post-AGB},
	Month = nov,
	Pages = {85-96},
	Title = {{Evidence for TP-AGB Stars in High-Redshift Galaxies, and Their Effect on Deriving Stellar Population Parameters}},
	Volume = 652,
	Year = 2006,
	Bdsk-Url-1 = {http://dx.doi.org/10.1086/508143}}

@article{Martin01,
	Adsnote = {Provided by the SAO/NASA Astrophysics Data System},
	Adsurl = {http://adsabs.harvard.edu/abs/2001ApJ...555..301M},
	Author = {{Martin}, C.~L. and {Kennicutt}, Jr., R.~C.},
	Doi = {10.1086/321452},
	Eprint = {astro-ph/0103181},
	Journal = {\apj},
	Keywords = {Galaxies: Evolution, Galaxies: ISM, Galaxies: Stellar Content, Stars: Formation},
	Month = jul,
	Pages = {301-321},
	Title = {{Star Formation Thresholds in Galactic Disks}},
	Volume = 555,
	Year = 2001,
	Bdsk-Url-1 = {http://dx.doi.org/10.1086/321452}}

@article{McKee07,
	Adsnote = {Provided by the SAO/NASA Astrophysics Data System},
	Adsurl = {http://adsabs.harvard.edu/abs/2007ARA%26A..45..565M},
	Archiveprefix = {arXiv},
	Author = {{McKee}, C.~F. and {Ostriker}, E.~C.},
	Doi = {10.1146/annurev.astro.45.051806.110602},
	Eprint = {0707.3514},
	Journal = {\araa},
	Month = sep,
	Pages = {565-687},
	Title = {{Theory of Star Formation}},
	Volume = 45,
	Year = 2007,
	Bdsk-Url-1 = {http://dx.doi.org/10.1146/annurev.astro.45.051806.110602}}

@article{McLaughlin05,
	Adsnote = {Provided by the SAO/NASA Astrophysics Data System},
	Adsurl = {http://adsabs.harvard.edu/abs/2005ApJS..161..304M},
	Author = {{McLaughlin}, D.~E. and {van der Marel}, R.~P.},
	Doi = {10.1086/497429},
	Eprint = {astro-ph/0605132},
	Journal = {\apjs},
	Keywords = {Galaxies: Star Clusters, Galaxy: Globular Clusters: General, Galaxies: Magellanic Clouds},
	Month = dec,
	Pages = {304-360},
	Title = {{Resolved Massive Star Clusters in the Milky Way and Its Satellites: Brightness Profiles and a Catalog of Fundamental Parameters}},
	Volume = 161,
	Year = 2005,
	Bdsk-Url-1 = {http://dx.doi.org/10.1086/497429}}

@article{Narayanan11,
	Adsnote = {Provided by the SAO/NASA Astrophysics Data System},
	Adsurl = {http://adsabs.harvard.edu/abs/2011MNRAS.418..664N},
	Archiveprefix = {arXiv},
	Author = {{Narayanan}, D. and {Krumholz}, M. and {Ostriker}, E.~C. and {Hernquist}, L.},
	Doi = {10.1111/j.1365-2966.2011.19516.x},
	Eprint = {1104.4118},
	Journal = {\mnras},
	Keywords = {ISM: clouds, ISM: molecules, galaxies: interactions, galaxies: ISM, galaxies: starburst, galaxies: star formation},
	Month = nov,
	Pages = {664-679},
	Primaryclass = {astro-ph.CO},
	Title = {{The CO-H$_{2}$ conversion factor in disc galaxies and mergers}},
	Volume = 418,
	Year = 2011,
	Bdsk-Url-1 = {http://dx.doi.org/10.1111/j.1365-2966.2011.19516.x}}

@article{Oliver12,
	Adsnote = {Provided by the SAO/NASA Astrophysics Data System},
	Adsurl = {http://adsabs.harvard.edu/abs/2012MNRAS.424.1614O},
	Archiveprefix = {arXiv},
	Author = {{Oliver}, S.~J. and {Bock}, J. and {Altieri}, B. and {et al.}},
	Doi = {10.1111/j.1365-2966.2012.20912.x},
	Eprint = {1203.2562},
	Journal = {\mnras},
	Keywords = {surveys, galaxies: evolution, infrared: galaxies, submillimetre: galaxies},
	Month = aug,
	Pages = {1614-1635},
	Primaryclass = {astro-ph.CO},
	Title = {{The Herschel Multi-tiered Extragalactic Survey: HerMES}},
	Volume = 424,
	Year = 2012,
	Bdsk-Url-1 = {http://dx.doi.org/10.1111/j.1365-2966.2012.20912.x}}

@book{Osterbrock06,
	Adsnote = {Provided by the SAO/NASA Astrophysics Data System},
	Adsurl = {http://adsabs.harvard.edu/abs/2006agna.book.....O},
	Author = {{Osterbrock}, D.~E. and {Ferland}, G.~J.},
	Booktitle = {Astrophysics of gaseous nebulae and active galactic nuclei, 2nd.~ed.~by D.E.~Osterbrock and G.J.~Ferland.~Sausalito, CA: University Science Books, 2006},
	Keywords = {GASEOUS NEBULAE, PHOTOIONIZATION, THERMAL EQUILIBRIUM, EMISSION SPECTRA, INTERSTELLAR DUST, H II REGIONS, PLANETARY NEBULAE, SUPERNOVA REMNANTS, ACTIVE GALACTIC NUCLEI},
	Title = {{Astrophysics of gaseous nebulae and active galactic nuclei}},
	Year = 2006}

@article{Pilbratt10,
	Adsnote = {Provided by the SAO/NASA Astrophysics Data System},
	Adsurl = {http://adsabs.harvard.edu/abs/2010A%26A...518L...1P},
	Archiveprefix = {arXiv},
	Author = {{Pilbratt}, G.~L. and {Riedinger}, J.~R. and {Passvogel}, T. and {Crone}, G. and {Doyle}, D. and {Gageur}, U. and {Heras}, A.~M. and {Jewell}, C. and {Metcalfe}, L. and {Ott}, S. and {Schmidt}, M.},
	Doi = {10.1051/0004-6361/201014759},
	Eid = {L1},
	Eprint = {1005.5331},
	Journal = {\aap},
	Keywords = {space vehicles, space vehicles: instruments, infrared: general, submillimetre: general},
	Month = jul,
	Pages = {L1},
	Primaryclass = {astro-ph.IM},
	Title = {{Herschel Space Observatory. An ESA facility for far-infrared and submillimetre astronomy}},
	Volume = 518,
	Year = 2010,
	Bdsk-Url-1 = {http://dx.doi.org/10.1051/0004-6361/201014759}}

@article{Ranalli03,
	Adsnote = {Provided by the SAO/NASA Astrophysics Data System},
	Adsurl = {http://adsabs.harvard.edu/abs/2003A%26A...399...39R},
	Author = {{Ranalli}, P. and {Comastri}, A. and {Setti}, G.},
	Doi = {10.1051/0004-6361:20021600},
	Eprint = {astro-ph/0211304},
	Journal = {\aap},
	Keywords = {X-rays: galaxies, radio continuum: galaxies, galaxies: high-redshift, infrared: galaxies -, galaxies: fundamental parameters, galaxies: starburst},
	Month = feb,
	Pages = {39-50},
	Title = {{The 2-10 keV luminosity as a Star Formation Rate indicator}},
	Volume = 399,
	Year = 2003,
	Bdsk-Url-1 = {http://dx.doi.org/10.1051/0004-6361:20021600}}

@article{Rieke09,
	Adsnote = {Provided by the SAO/NASA Astrophysics Data System},
	Adsurl = {http://adsabs.harvard.edu/abs/2009ApJ...692..556R},
	Archiveprefix = {arXiv},
	Author = {{Rieke}, G.~H. and {Alonso-Herrero}, A. and {Weiner}, B.~J. and {P{\'e}rez-Gonz{\'a}lez}, P.~G. and {Blaylock}, M. and {Donley}, J.~L. and {Marcillac}, D.},
	Doi = {10.1088/0004-637X/692/1/556},
	Eprint = {0810.4150},
	Journal = {\apj},
	Keywords = {galaxies: fundamental parameters, galaxies: starburst, galaxies: stellar content},
	Month = feb,
	Pages = {556-573},
	Title = {{Determining Star Formation Rates for Infrared Galaxies}},
	Volume = 692,
	Year = 2009,
	Bdsk-Url-1 = {http://dx.doi.org/10.1088/0004-637X/692/1/556}}

@article{Ryder94,
	Adsnote = {Provided by the SAO/NASA Astrophysics Data System},
	Adsurl = {http://adsabs.harvard.edu/abs/1994ApJ...430..142R},
	Author = {{Ryder}, S.~D. and {Dopita}, M.~A.},
	Doi = {10.1086/174389},
	Journal = {\apj},
	Keywords = {BRIGHTNESS, DISK GALAXIES, SPIRAL GALAXIES, STAR FORMATION, SURFACE PROPERTIES, ASTRONOMICAL PHOTOMETRY, H ALPHA LINE, STELLAR MASS},
	Month = jul,
	Pages = {142-162},
	Title = {{The relationship between past and present star formation in galactic disks from CCD surface photometry}},
	Volume = 430,
	Year = 1994,
	Bdsk-Url-1 = {http://dx.doi.org/10.1086/174389}}

@article{Sersic67,
	Adsnote = {Provided by the SAO/NASA Astrophysics Data System},
	Adsurl = {http://adsabs.harvard.edu/abs/1967PASP...79..152S},
	Author = {{S{\'e}rsic}, J.~L. and {Pastoriza}, M.},
	Doi = {10.1086/128456},
	Journal = {\pasp},
	Month = apr,
	Pages = {152},
	Title = {{Properties of Galaxies with Peculiar Nuclei}},
	Volume = 79,
	Year = 1967,
	Bdsk-Url-1 = {http://dx.doi.org/10.1086/128456}}

@article{Salpeter55,
	Adsnote = {Provided by the SAO/NASA Astrophysics Data System},
	Adsurl = {http://adsabs.harvard.edu/abs/1955ApJ...121..161S},
	Author = {{Salpeter}, E.~E.},
	Doi = {10.1086/145971},
	Journal = {\apj},
	Month = jan,
	Pages = {161},
	Title = {{The Luminosity Function and Stellar Evolution.}},
	Volume = 121,
	Year = 1955,
	Bdsk-Url-1 = {http://dx.doi.org/10.1086/145971}}

@article{Sanders84,
	Adsnote = {Provided by the SAO/NASA Astrophysics Data System},
	Adsurl = {http://adsabs.harvard.edu/abs/1984ApJ...276..182S},
	Author = {{Sanders}, D.~B. and {Solomon}, P.~M. and {Scoville}, N.~Z.},
	Doi = {10.1086/161602},
	Journal = {\apj},
	Keywords = {CARBON MONOXIDE, HYDROGEN, INTERSTELLAR GAS, MASS DISTRIBUTION, MILKY WAY GALAXY, MOLECULAR CLOUDS, DISK GALAXIES, EARLY STARS, GALACTIC ROTATION, GRAVITATIONAL COLLAPSE, SPECTRUM ANALYSIS, STELLAR EVOLUTION},
	Month = jan,
	Pages = {182-203},
	Title = {{Giant molecular clouds in the Galaxy. I - The axisymmetric distribution of H2}},
	Volume = 276,
	Year = 1984,
	Bdsk-Url-1 = {http://dx.doi.org/10.1086/161602}}

@article{Sandstrom13,
	Adsnote = {Provided by the SAO/NASA Astrophysics Data System},
	Adsurl = {http://adsabs.harvard.edu/abs/2013ApJ...777....5S},
	Archiveprefix = {arXiv},
	Author = {{Sandstrom}, K.~M. and {Leroy}, A.~K. and {Walter}, F. and {et al.}},
	Doi = {10.1088/0004-637X/777/1/5},
	Eid = {5},
	Eprint = {1212.1208},
	Journal = {\apj},
	Keywords = {dust, extinction, galaxies: ISM, infrared: ISM, ISM: molecules},
	Month = nov,
	Pages = {5},
	Primaryclass = {astro-ph.CO},
	Title = {{The CO-to-H$_{2}$ Conversion Factor and Dust-to-gas Ratio on Kiloparsec Scales in Nearby Galaxies}},
	Volume = 777,
	Year = 2013,
	Bdsk-Url-1 = {http://dx.doi.org/10.1088/0004-637X/777/1/5}}

@inproceedings{Scalo86,
	Adsnote = {Provided by the SAO/NASA Astrophysics Data System},
	Adsurl = {http://adsabs.harvard.edu/abs/1986IAUS..116..451S},
	Author = {{Scalo}, J.~M.},
	Booktitle = {Luminous Stars and Associations in Galaxies},
	Editor = {{De Loore}, C.~W.~H. and {Willis}, A.~J. and {Laskarides}, P.},
	Keywords = {GALAXIES, STAR DISTRIBUTION, STELLAR MASS, SUPERMASSIVE STARS, B STARS, CHEMICAL EVOLUTION, COLOR, H ALPHA LINE, MASS TO LIGHT RATIOS, O STARS, SPIRAL GALAXIES, STAR CLUSTERS, STAR FORMATION RATE, STARBURST GALAXIES, STELLAR LUMINOSITY},
	Pages = {451-466},
	Series = {IAU Symposium},
	Title = {{The initial mass function of massive stars in galaxies Empirical evidence}},
	Volume = 116,
	Year = 1986}

@article{Schmidt59,
	Adsnote = {Provided by the SAO/NASA Astrophysics Data System},
	Adsurl = {http://adsabs.harvard.edu/abs/1959ApJ...129..243S},
	Author = {{Schmidt}, M.},
	Doi = {10.1086/146614},
	Journal = {\apj},
	Month = mar,
	Pages = {243},
	Title = {{The Rate of Star Formation.}},
	Volume = 129,
	Year = 1959,
	Bdsk-Url-1 = {http://dx.doi.org/10.1086/146614}}

@article{Scodeggio02,
	Adsnote = {Provided by the SAO/NASA Astrophysics Data System},
	Adsurl = {http://adsabs.harvard.edu/abs/2002A%26A...384..812S},
	Author = {{Scodeggio}, M. and {Gavazzi}, G. and {Franzetti}, P. and {Boselli}, A. and {Zibetti}, S. and {Pierini}, D.},
	Doi = {10.1051/0004-6361:20020110},
	Eprint = {astro-ph/0202027},
	Journal = {\aap},
	Keywords = {GALAXIES: FUNDAMENTAL PARAMETERS, GALAXIES: PHOTOMETRY, INFRARED: GALAXIES},
	Month = mar,
	Pages = {812-825},
	Title = {{1.65 {$\mu$} m (H-band) surface photometry of galaxies. IX. Photometric and structural properties of galaxies}},
	Volume = 384,
	Year = 2002,
	Bdsk-Url-1 = {http://dx.doi.org/10.1051/0004-6361:20020110}}

@article{Shi11,
	Adsnote = {Provided by the SAO/NASA Astrophysics Data System},
	Adsurl = {http://adsabs.harvard.edu/abs/2011ApJ...733...87S},
	Archiveprefix = {arXiv},
	Author = {{Shi}, Y. and {Helou}, G. and {Yan}, L. and {et al.}},
	Doi = {10.1088/0004-637X/733/2/87},
	Eid = {87},
	Eprint = {1103.3711},
	Journal = {\apj},
	Keywords = {galaxies: evolution, galaxies: starburst, ISM: atoms, ISM: molecules, stars: formation},
	Month = jun,
	Pages = {87},
	Primaryclass = {astro-ph.CO},
	Title = {{Extended Schmidt Law: Role of Existing Stars in Current Star Formation}},
	Volume = 733,
	Year = 2011,
	Bdsk-Url-1 = {http://dx.doi.org/10.1088/0004-637X/733/2/87}}

@article{Shu94,
	Adsnote = {Provided by the SAO/NASA Astrophysics Data System},
	Adsurl = {http://adsabs.harvard.edu/abs/1994ApJ...429..781S},
	Author = {{Shu}, F. and {Najita}, J. and {Ostriker}, E. and {et al.}},
	Doi = {10.1086/174363},
	Journal = {\apj},
	Keywords = {ASTRONOMICAL MODELS, CENTRIFUGAL FORCE, DISK GALAXIES, MAGNETIC FIELDS, MASS FLOW, PROTOSTARS, STELLAR MASS ACCRETION, T TAURI STARS, ANGULAR MOMENTUM, NUMERICAL ANALYSIS, STELLAR WINDS, TERMINAL VELOCITY},
	Month = jul,
	Pages = {781-796},
	Title = {{Magnetocentrifugally driven flows from young stars and disks. 1: A generalized model}},
	Volume = 429,
	Year = 1994,
	Bdsk-Url-1 = {http://dx.doi.org/10.1086/174363}}

@article{Shu87,
	Adsnote = {Provided by the SAO/NASA Astrophysics Data System},
	Adsurl = {http://adsabs.harvard.edu/abs/1987ARA%26A..25...23S},
	Author = {{Shu}, F.~H. and {Adams}, F.~C. and {Lizano}, S.},
	Doi = {10.1146/annurev.aa.25.090187.000323},
	Journal = {\araa},
	Keywords = {ASTROPHYSICS, MOLECULAR CLOUDS, STAR FORMATION, STELLAR MODELS, ASTRONOMICAL MAPS, BINARY STARS, GRAVITATIONAL COLLAPSE, PROTOSTARS, STAR CLUSTERS, STELLAR MASS},
	Pages = {23-81},
	Title = {{Star formation in molecular clouds - Observation and theory}},
	Volume = 25,
	Year = 1987,
	Bdsk-Url-1 = {http://dx.doi.org/10.1146/annurev.aa.25.090187.000323}}

@article{Solomon87,
	Adsnote = {Provided by the SAO/NASA Astrophysics Data System},
	Adsurl = {http://adsabs.harvard.edu/abs/1987ApJ...319..730S},
	Author = {{Solomon}, P.~M. and {Rivolo}, A.~R. and {Barrett}, J. and {Yahil}, A.},
	Doi = {10.1086/165493},
	Journal = {\apj},
	Keywords = {MASS DISTRIBUTION, MASS TO LIGHT RATIOS, MILKY WAY GALAXY, MOLECULAR CLOUDS, SPECTRAL LINE WIDTH, ASTRONOMICAL CATALOGS, ASTRONOMICAL MODELS, ASTRONOMICAL SPECTROSCOPY, CARBON MONOXIDE, VIRIAL THEOREM},
	Month = aug,
	Pages = {730-741},
	Title = {{Mass, luminosity, and line width relations of Galactic molecular clouds}},
	Volume = 319,
	Year = 1987,
	Bdsk-Url-1 = {http://dx.doi.org/10.1086/165493}}

@article{Tabatabaei10,
	Adsnote = {Provided by the SAO/NASA Astrophysics Data System},
	Adsurl = {http://adsabs.harvard.edu/abs/2010A%26A...517A..77T},
	Archiveprefix = {arXiv},
	Author = {{Tabatabaei}, F.~S. and {Berkhuijsen}, E.~M.},
	Doi = {10.1051/0004-6361/200913593},
	Eid = {A77},
	Eprint = {1004.4306},
	Journal = {\aap},
	Keywords = {galaxies: individual: M 31, galaxies: ISM, dust, extinction, ISM: general, stars: formation},
	Month = jul,
	Pages = {A77},
	Primaryclass = {astro-ph.GA},
	Title = {{Relating dust, gas, and the rate of star formation in M 31}},
	Volume = 517,
	Year = 2010,
	Bdsk-Url-1 = {http://dx.doi.org/10.1051/0004-6361/200913593}}

@inproceedings{Vogol87,
	Adsnote = {Provided by the SAO/NASA Astrophysics Data System},
	Adsurl = {http://adsabs.harvard.edu/abs/1987BAAS...19..643V},
	Author = {{Vogel}, S.~N. and {Boulanger}, F. and {Ball}, R.},
	Booktitle = {Bulletin of the American Astronomical Society},
	Month = jan,
	Pages = {643},
	Series = {Bulletin of the American Astronomical Society},
	Title = {{The Existence of GMC's in External Galaxies: Resolving CO Emission from a GMC in M 31}},
	Volume = 19,
	Year = 1987}

@article{Wilson95,
	Adsnote = {Provided by the SAO/NASA Astrophysics Data System},
	Adsurl = {http://adsabs.harvard.edu/abs/1995ApJ...448L..97W},
	Author = {{Wilson}, C.~D.},
	Doi = {10.1086/309615},
	Eprint = {astro-ph/9506103},
	Journal = {\apjl},
	Keywords = {ISM: MOLECULES, GALAXIES: LOCAL GROUP, GALAXIES: ISM, GALAXIES: INDIVIDUAL ALPHANUMERIC: IC 10, GALAXIES: INDIVIDUAL MESSIER NUMBER: M31, GALAXIES: INDIVIDUAL MESSIER NUMBER: M33, GALAXIES: INDIVIDUAL NGC NUMBER: NGC 6822},
	Month = aug,
	Pages = {L97},
	Title = {{The Metallicity Dependence of the CO-to-H 2 Conversion Factor from Observations of Local Group Galaxies}},
	Volume = 448,
	Year = 1995,
	Bdsk-Url-1 = {http://dx.doi.org/10.1086/309615}}

@article{Wilson90,
	Adsnote = {Provided by the SAO/NASA Astrophysics Data System},
	Adsurl = {http://adsabs.harvard.edu/abs/1990ApJ...363..435W},
	Author = {{Wilson}, C.~D. and {Scoville}, N.},
	Doi = {10.1086/169356},
	Journal = {\apj},
	Keywords = {MOLECULAR CLOUDS, SPIRAL GALAXIES, GALACTIC STRUCTURE, INTERSTELLAR MATTER, MASS SPECTRA, MOLECULAR GASES},
	Month = nov,
	Pages = {435-450},
	Title = {{The properties of individual giant molecular clouds in M33}},
	Volume = 363,
	Year = 1990,
	Bdsk-Url-1 = {http://dx.doi.org/10.1086/169356}}

@article{Wilson89,
	Adsnote = {Provided by the SAO/NASA Astrophysics Data System},
	Adsurl = {http://adsabs.harvard.edu/abs/1989ApJ...347..743W},
	Author = {{Wilson}, C.~D. and {Scoville}, N.},
	Doi = {10.1086/168165},
	Journal = {\apj},
	Keywords = {CARBON MONOXIDE, GALACTIC NUCLEI, GAS COMPOSITION, INTERSTELLAR GAS, MOLECULAR GASES, SPIRAL GALAXIES, HYDROGEN, MILKY WAY GALAXY, MOLECULAR CLOUDS, SPECTRAL EMISSION},
	Month = dec,
	Pages = {743-749},
	Title = {{The molecular gas content of the nuclear region of M33}},
	Volume = 347,
	Year = 1989,
	Bdsk-Url-1 = {http://dx.doi.org/10.1086/168165}}

@article{York00,
	Adsnote = {Provided by the SAO/NASA Astrophysics Data System},
	Adsurl = {http://adsabs.harvard.edu/abs/2000AJ....120.1579Y},
	Author = {{York}, D.~G. and {Adelman}, J. and {Anderson}, Jr., J.~E. and {et al.}},
	Doi = {10.1086/301513},
	Eprint = {astro-ph/0006396},
	Journal = {\aj},
	Keywords = {Cosmology: Observations, Instrumentation: Miscellaneous},
	Month = sep,
	Pages = {1579-1587},
	Title = {{The Sloan Digital Sky Survey: Technical Summary}},
	Volume = 120,
	Year = 2000,
	Bdsk-Url-1 = {http://dx.doi.org/10.1086/301513}}

@article{Young91,
	Adsnote = {Provided by the SAO/NASA Astrophysics Data System},
	Adsurl = {http://adsabs.harvard.edu/abs/1991ARA%26A..29..581Y},
	Author = {{Young}, J.~S. and {Scoville}, N.~Z.},
	Doi = {10.1146/annurev.aa.29.090191.003053},
	Journal = {\araa},
	Keywords = {GALACTIC EVOLUTION, INTERSTELLAR GAS, MOLECULAR GASES, SPIRAL GALAXIES, ACTIVE GALACTIC NUCLEI, CARBON MONOXIDE, GALACTIC STRUCTURE, INTERACTING GALAXIES, LOCAL GROUP (ASTRONOMY), STAR FORMATION},
	Pages = {581-625},
	Title = {{Molecular gas in galaxies}},
	Volume = 29,
	Year = 1991,
	Bdsk-Url-1 = {http://dx.doi.org/10.1146/annurev.aa.29.090191.003053}}

@article{Zaritsky94,
	Adsnote = {Provided by the SAO/NASA Astrophysics Data System},
	Adsurl = {http://adsabs.harvard.edu/abs/1994ApJ...435..599Z},
	Author = {{Zaritsky}, D. and {White}, S.~D.~M.},
	Doi = {10.1086/174840},
	Journal = {\apj},
	Keywords = {GALACTIC HALOS, GALACTIC STRUCTURE, INTERACTING GALAXIES, MATHEMATICAL MODELS, MONTE CARLO METHOD, SPIRAL GALAXIES, ORBIT PERTURBATION, STATISTICAL ANALYSIS},
	Month = nov,
	Pages = {599-610},
	Title = {{The massive halos of spiral galaxies}},
	Volume = 435,
	Year = 1994,
	Bdsk-Url-1 = {http://dx.doi.org/10.1086/174840}}

@article{Zhu08,
	Adsnote = {Provided by the SAO/NASA Astrophysics Data System},
	Adsurl = {http://adsabs.harvard.edu/abs/2008ApJ...686..155Z},
	Author = {{Zhu}, Y.-N. and {Wu}, H. and {Cao}, C. and {Li}, H.-N.},
	Doi = {10.1086/591121},
	Journal = {\apj},
	Keywords = {Galaxies: Active, Galaxies: Starburst, Infrared: Galaxies, Stars: Formation},
	Month = oct,
	Pages = {155-171},
	Title = {{Correlations between Mid-Infrared, Far-Infrared, H{$\alpha$}, and FUV Luminosities for Spitzer SWIRE Field Galaxies}},
	Volume = 686,
	Year = 2008,
	Bdsk-Url-1 = {http://dx.doi.org/10.1086/591121}}

@article{Zhu10,
	Adsnote = {Provided by the SAO/NASA Astrophysics Data System},
	Adsurl = {http://adsabs.harvard.edu/abs/2010RAA....10..329Z},
	Archiveprefix = {arXiv},
	Author = {{Zhu}, Y.-N. and {Wu}, H. and {Li}, H.-N. and {Cao}, C.},
	Doi = {10.1088/1674-4527/10/4/004},
	Eprint = {1001.2627},
	Journal = {Research in Astronomy and Astrophysics},
	Month = apr,
	Pages = {329-347},
	Primaryclass = {astro-ph.CO},
	Title = {{Stellar mass estimation based on IRAC photometry for Spitzer SWIRE-field galaxies}},
	Volume = 10,
	Year = 2010,
	Bdsk-Url-1 = {http://dx.doi.org/10.1088/1674-4527/10/4/004}}

@inproceedings{Zibetti08,
	Adsnote = {Provided by the SAO/NASA Astrophysics Data System},
	Adsurl = {http://adsabs.harvard.edu/abs/2008IAUS..244..176Z},
	Archiveprefix = {arXiv},
	Author = {{Zibetti}, S.},
	Booktitle = {IAU Symposium},
	Doi = {10.1017/S174392130701397X},
	Editor = {{Davies}, J.~I. and {Disney}, M.~J.},
	Eprint = {0709.0659},
	Keywords = {galaxies: clusters: general {\ndash} galaxies: interactions {\ndash} galaxies: elliptical and lenticular, cD {\ndash} galaxies: halos {\ndash} galaxies: evolution {\ndash} techniques: photometric},
	Month = may,
	Pages = {176-185},
	Series = {IAU Symposium},
	Title = {{Statistical Properties of the IntraCluster Light from SDSS Image Stacking}},
	Volume = 244,
	Year = 2008,
	Bdsk-Url-1 = {http://dx.doi.org/10.1017/S174392130701397X}}

@article{Zibetti09,
	Adsnote = {Provided by the SAO/NASA Astrophysics Data System},
	Adsurl = {http://adsabs.harvard.edu/abs/2009MNRAS.400.1181Z},
	Archiveprefix = {arXiv},
	Author = {{Zibetti}, S. and {Charlot}, S. and {Rix}, H.-W.},
	Doi = {10.1111/j.1365-2966.2009.15528.x},
	Eprint = {0904.4252},
	Journal = {\mnras},
	Keywords = {techniques: image processing , techniques: photometric , galaxies: fundamental parameters , galaxies: general , galaxies: photometry , galaxies: stellar content},
	Month = dec,
	Pages = {1181-1198},
	Primaryclass = {astro-ph.CO},
	Title = {{Resolved stellar mass maps of galaxies - I. Method and implications for global mass estimates}},
	Volume = 400,
	Year = 2009,
	Bdsk-Url-1 = {http://dx.doi.org/10.1111/j.1365-2966.2009.15528.x}}

@article{Gallagher89,
	Adsnote = {Provided by the SAO/NASA Astrophysics Data System},
	Adsurl = {http://adsabs.harvard.edu/abs/1989AJ.....97..700G},
	Author = {{Gallagher}, J.~S. and {Hunter}, D.~A. and {Bushouse}, H.},
	Doi = {10.1086/115015},
	Journal = {\aj},
	Keywords = {ASTRONOMICAL SPECTROSCOPY, EMISSION SPECTRA, FORBIDDEN TRANSITIONS, GALAXIES, OXYGEN SPECTRA, STAR FORMATION RATE, BRIGHTNESS DISTRIBUTION, RED SHIFT, SPECTRAL LINE WIDTH, UBV SPECTRA},
	Month = mar,
	Pages = {700-707},
	Title = {{Star-formation rates and forbidden O II emission in blue galaxies}},
	Volume = 97,
	Year = 1989,
	Bdsk-Url-1 = {http://dx.doi.org/10.1086/115015}}

@article{Lonsdale03,
	Adsnote = {Provided by the SAO/NASA Astrophysics Data System},
	Adsurl = {http://adsabs.harvard.edu/abs/2003PASP..115..897L},
	Author = {{Lonsdale}, C.~J. and {Smith}, H.~E. and {Rowan-Robinson}, M. and {et al.}},
	Doi = {10.1086/376850},
	Eprint = {astro-ph/0305375},
	Journal = {\pasp},
	Keywords = {Surveys, Galaxies: Evolution, Galaxies: Active, Cosmology: Large-Scale Structure of Universe, infrared: galaxies},
	Month = aug,
	Pages = {897-927},
	Title = {{SWIRE: The SIRTF Wide-Area Infrared Extragalactic Survey}},
	Volume = 115,
	Year = 2003,
	Bdsk-Url-1 = {http://dx.doi.org/10.1086/376850}}

@article{Wener04,
	Adsnote = {Provided by the SAO/NASA Astrophysics Data System},
	Adsurl = {http://adsabs.harvard.edu/abs/2004ApJS..154....1W},
	Author = {{Werner}, M.~W. and {Roellig}, T.~L. and {Low}, F.~J. and {et al.}},
	Doi = {10.1086/422992},
	Eprint = {astro-ph/0406223},
	Journal = {\apjs},
	Keywords = {Space Vehicles: Instruments, Telescopes},
	Month = sep,
	Pages = {1-9},
	Title = {{The Spitzer Space Telescope Mission}},
	Volume = 154,
	Year = 2004,
	Bdsk-Url-1 = {http://dx.doi.org/10.1086/422992}}

@article{Wright10,
	Adsnote = {Provided by the SAO/NASA Astrophysics Data System},
	Adsurl = {http://adsabs.harvard.edu/abs/2010AJ....140.1868W},
	Archiveprefix = {arXiv},
	Author = {{Wright}, E.~L. and {Eisenhardt}, P.~R.~M. and {Mainzer}, A.~K. and {et al.}},
	Doi = {10.1088/0004-6256/140/6/1868},
	Eid = {1868},
	Eprint = {1008.0031},
	Journal = {\aj},
	Keywords = {infrared: general, space vehicles, surveys},
	Month = dec,
	Pages = {1868-1881},
	Primaryclass = {astro-ph.IM},
	Title = {{The Wide-field Infrared Survey Explorer (WISE): Mission Description and Initial On-orbit Performance}},
	Volume = 140,
	Year = 2010,
	Bdsk-Url-1 = {http://dx.doi.org/10.1088/0004-6256/140/6/1868}}

@electronic{Courteau13,
	Author = {{Courteau}, S. and {Cappellari}, M. and {De jon}, R.~S. and {et al.}},
	Date-Added = {2013-11-03 20:42:26 +0000},
	Date-Modified = {2013-11-03 20:51:44 +0000},
	Keywords = {http://arxiv.org/abs/1309.3276},
	Rating = {5},
	Title = {Galaxy Masses: A Review},
	Urldate = {12 sep 2013},
	year = 2013
	}

@inproceedings{Li12,
	Adsnote = {Provided by the SAO/NASA Astrophysics Data System},
	Adsurl = {http://adsabs.harvard.edu/abs/2012AAS...21934605L},
	Author = {{Li}, Y. and {Crocker}, A.~F. and {Calzetti}, D. and {Wilson}, C.~D. and {et al.}},
	Booktitle = {American Astronomical Society Meeting Abstracts \#219},
	Month = jan,
	Pages = {#346.05},
	Series = {American Astronomical Society Meeting Abstracts},
	Title = {{Star Formation Rates in Resolved Galaxies: Near to Far Infrared Calibrations}},
	Volume = 219,
	Year = 2012}

@article{Li10,
	Adsnote = {Provided by the SAO/NASA Astrophysics Data System},
	Adsurl = {http://adsabs.harvard.edu/abs/2010ApJ...725..677L},
	Archiveprefix = {arXiv},
	Author = {{Li}, Y. and {Calzetti}, D. and {Kennicutt}, R.~C. and {et al.}},
	Doi = {10.1088/0004-637X/725/1/677},
	Eprint = {1010.0373},
	Journal = {\apj},
	Keywords = {galaxies: ISM, H II regions, infrared: galaxies, infrared: ISM, ISM: structure},
	Month = dec,
	Pages = {677-691},
	Primaryclass = {astro-ph.CO},
	Title = {{Spitzer 70 {$\mu$}m Emission as a Star Formation Rate Indicator for Sub-galactic Regions}},
	Volume = 725,
	Year = 2010,
	Bdsk-Url-1 = {http://dx.doi.org/10.1088/0004-637X/725/1/677}}
@ARTICLE{Kendall08,
   author = {{Kendall}, S. and {Kennicutt}, R.~C. and {Clarke}, C. and {Thornley}, M.~D.
	},
    title = "{Tracing spiral density waves in M81}",
  journal = {\mnras},
archivePrefix = "arXiv",
   eprint = {0804.2380},
 keywords = {galaxies: individual: M81 , galaxies: spiral , galaxies: structure , infrared: galaxies},
     year = 2008,
    month = jul,
   volume = 387,
    pages = {1007-1020},
      doi = {10.1111/j.1365-2966.2008.13327.x},
   adsurl = {http://adsabs.harvard.edu/abs/2008MNRAS.387.1007K},
  adsnote = {Provided by the SAO/NASA Astrophysics Data System}
}

@ARTICLE{Aniano12,
   author = {{Aniano}, G. and {et al.}},
    title = "{Modeling Dust and Starlight in Galaxies Observed by Spitzer and Herschel: NGC 628 and NGC 6946}",
  journal = {\apj},
archivePrefix = "arXiv",
   eprint = {1207.4186},
 primaryClass = "astro-ph.CO",
 keywords = {dust, extinction, galaxies: abundances, galaxies: general, galaxies: ISM, infrared: galaxies, ISM: general},
     year = 2012,
    month = sep,
   volume = 756,
      eid = {138},
    pages = {138},
      doi = {10.1088/0004-637X/756/2/138},
   adsurl = {http://adsabs.harvard.edu/abs/2012ApJ...756..138A},
  adsnote = {Provided by the SAO/NASA Astrophysics Data System}
}

@ARTICLE{Azimlu11,
   author = {{Azimlu}, M. and {Marciniak}, R. and {Barmby}, P.},
    title = "{A New Catalog of H II Regions in M31}",
  journal = {\aj},
archivePrefix = "arXiv",
   eprint = {1108.4044},
 primaryClass = "astro-ph.CO",
 keywords = {galaxies: individual: M31, H II regions},
     year = 2011,
    month = oct,
   volume = 142,
      eid = {139},
    pages = {139},
      doi = {10.1088/0004-6256/142/4/139},
   adsurl = {http://adsabs.harvard.edu/abs/2011AJ....142..139A},
  adsnote = {Provided by the SAO/NASA Astrophysics Data System}
}

@ARTICLE{Barmby06,
   author = {{Barmby}, P. and {Ashby}, M.~L.~N. and {Bianchi}, L. and {et al.}},
    title = "{Dusty Waves on a Starry Sea: The Mid-Infrared View of M31}",
  journal = {\apjl},
   eprint = {astro-ph/0608593},
 keywords = {Galaxies: Individual: Messier Number: M31, Galaxies: ISM, Galaxies: Spiral, Galaxies: Stellar Content, Infrared: Galaxies},
     year = 2006,
    month = oct,
   volume = 650,
    pages = {L45-L49},
      doi = {10.1086/508626},
   adsurl = {http://adsabs.harvard.edu/abs/2006ApJ...650L..45B},
  adsnote = {Provided by the SAO/NASA Astrophysics Data System}
}

@ARTICLE{Bolato08,
   author = {{Bolatto}, A.~D. and {Leroy}, A.~K. and {Rosolowsky}, E. and 
	{Walter}, F. and {Blitz}, L.},
    title = "{The Resolved Properties of Extragalactic Giant Molecular Clouds}",
  journal = {\apj},
archivePrefix = "arXiv",
   eprint = {0807.0009},
 keywords = {Galaxies: Dwarf, Galaxies: Individual: Alphanumeric: IC 10, Galaxies: Individual: Messier Number: M31, Galaxies: Individual: Messier Number: M33, Galaxies: Individual: NGC Number: NGC 185, Galaxies: Individual: NGC Number: NGC 205, Galaxies: Individual: NGC Number: NGC 1569, Galaxies: Individual: NGC Number: NGC 2976, Galaxies: Individual: NGC Number: NGC 3077, Galaxies: Individual: NGC Number: NGC 4214, Galaxies: Individual: NGC Number: NGC 4449, Galaxies: Individual: NGC Number: NGC 4605, Galaxies: ISM, ISM: Clouds, Galaxies: Magellanic Clouds},
     year = 2008,
    month = oct,
   volume = 686,
    pages = {948-965},
      doi = {10.1086/591513},
   adsurl = {http://adsabs.harvard.edu/abs/2008ApJ...686..948B},
  adsnote = {Provided by the SAO/NASA Astrophysics Data System}
}

@ARTICLE{Calzetti05,
   author = {{Calzetti}, D. and {Kennicutt}, Jr., R.~C. and {Bianchi}, L. and {Thilker}, D.~A. and {et al.}},
    title = "{Star Formation in NGC 5194 (M51a): The Panchromatic View from GALEX to Spitzer}",
  journal = {\apj},
   eprint = {astro-ph/0507427},
 keywords = {Galaxies: Interactions, Galaxies: ISM, Galaxies: Starburst, ISM: Structure},
     year = 2005,
    month = nov,
   volume = 633,
    pages = {871-893},
      doi = {10.1086/466518},
   adsurl = {http://adsabs.harvard.edu/abs/2005ApJ...633..871C},
  adsnote = {Provided by the SAO/NASA Astrophysics Data System}
}

@ARTICLE{Chemin09,
   author = {{Chemin}, L. and {Carignan}, C. and {Foster}, T.},
  journal = {\apj},
archivePrefix = "arXiv",
   eprint = {0909.3846},
 keywords = {galaxies: fundamental parameters: mass, galaxies: individual: M31 NGC 224, galaxies: ISM, galaxies: kinematics and dynamics, galaxies: structure, Local Group},
     year = 2009,
    month = nov,
   volume = 705,
    pages = {1395-1415},
      doi = {10.1088/0004-637X/705/2/1395},
   adsurl = {http://adsabs.harvard.edu/abs/2009ApJ...705.1395C},
  adsnote = {Provided by the SAO/NASA Astrophysics Data System}
}

@ARTICLE{Draine14,
   author = {{Draine}, B.~T. and {Aniano}, G. and {Krause}, O. and {Groves}, B. and {Sandstrom}, K. and {et al.}},
    title = "{Andromeda's Dust}",
  journal = {\apj},
archivePrefix = "arXiv",
   eprint = {1306.2304},
 primaryClass = "astro-ph.CO",
 keywords = {dust, extinction, infrared: galaxies, infrared: ISM},
     year = 2014,
    month = jan,
   volume = 780,
      eid = {172},
    pages = {172},
      doi = {10.1088/0004-637X/780/2/172},
   adsurl = {http://adsabs.harvard.edu/abs/2014ApJ...780..172D},
  adsnote = {Provided by the SAO/NASA Astrophysics Data System}
}

@ARTICLE{Fazio04,
   author = {{Fazio}, G.~G. and {Hora}, J.~L. and {Allen}, L.~E. and {Ashby}, M.~L.~N. and {Barmby}, P. and {et al.}},
    title = "{The Infrared Array Camera (IRAC) for the Spitzer Space Telescope}",
  journal = {\apjs},
   eprint = {astro-ph/0405616},
 keywords = {Infrared: General, Instrumentation: Detectors, Space Vehicles: Instruments},
     year = 2004,
    month = sep,
   volume = 154,
    pages = {10-17},
      doi = {10.1086/422843},
   adsurl = {http://adsabs.harvard.edu/abs/2004ApJS..154...10F},
  adsnote = {Provided by the SAO/NASA Astrophysics Data System}
}

@ARTICLE{Fritz12,
   author = {{Fritz}, J. and {Gentile}, G. and {Smith}, M.~W.~L. and {Gear}, W.~K. and {et al.}},
    title = "{The Herschel Exploitation of Local Galaxy Andromeda (HELGA). I. Global far-infrared and sub-mm morphology}",
  journal = {\aap},
archivePrefix = "arXiv",
   eprint = {1112.3348},
 primaryClass = "astro-ph.CO",
 keywords = {galaxies: individual: M 31, galaxies: ISM, infrared: ISM},
     year = 2012,
    month = oct,
   volume = 546,
      eid = {A34},
    pages = {A34},
      doi = {10.1051/0004-6361/201118619},
   adsurl = {http://adsabs.harvard.edu/abs/2012A%26A...546A..34F},
  adsnote = {Provided by the SAO/NASA Astrophysics Data System}
}

@ARTICLE{Griffin10,
   author = {{Griffin}, M.~J. and {Abergel}, A. and {Abreu}, A. and {Ade}, P.~A.~R. and {et al.}},
    title = "{The Herschel-SPIRE instrument and its in-flight performance}",
  journal = {\aap},
archivePrefix = "arXiv",
   eprint = {1005.5123},
 primaryClass = "astro-ph.IM",
 keywords = {instrumentation: photometers, instrumentation: spectrographs, space vehicles: instruments, submillimeter: general},
     year = 2010,
    month = jul,
   volume = 518,
      eid = {L3},
    pages = {L3},
      doi = {10.1051/0004-6361/201014519},
   adsurl = {http://adsabs.harvard.edu/abs/2010A%26A...518L...3G},
  adsnote = {Provided by the SAO/NASA Astrophysics Data System}
}

@ARTICLE{Kim13,
   author = {{Kim}, C.-G. and {Ostriker}, E.~C. and {Kim}, W.-T.},
    title = "{Three-dimensional Hydrodynamic Simulations of Multiphase Galactic Disks with Star Formation Feedback. I. Regulation of Star Formation Rates}",
  journal = {\apj},
archivePrefix = "arXiv",
   eprint = {1308.3231},
 primaryClass = "astro-ph.GA",
 keywords = {galaxies: ISM, galaxies: kinematics and dynamics, galaxies: star formation, methods: numerical, turbulence},
     year = 2013,
    month = oct,
   volume = 776,
      eid = {1},
    pages = {1},
      doi = {10.1088/0004-637X/776/1/1},
   adsurl = {http://adsabs.harvard.edu/abs/2013ApJ...776....1K},
  adsnote = {Provided by the SAO/NASA Astrophysics Data System}
}

@ARTICLE{Leroy11,
   author = {{Leroy}, A.~K. and {et al.}},
    title = "{The CO-to-H$_{2}$ Conversion Factor from Infrared Dust Emission across the Local Group}",
  journal = {\apj},
archivePrefix = "arXiv",
   eprint = {1102.4618},
 primaryClass = "astro-ph.CO",
 keywords = {dust, extinction, galaxies: ISM, ISM: clouds, ISM: molecules, Local Group},
     year = 2011,
    month = aug,
   volume = 737,
      eid = {12},
    pages = {12},
      doi = {10.1088/0004-637X/737/1/12},
   adsurl = {http://adsabs.harvard.edu/abs/2011ApJ...737...12L},
  adsnote = {Provided by the SAO/NASA Astrophysics Data System}
}

@INPROCEEDINGS{Martin05,
   author = {{Martin}, C. and {GALEX Team}},
    title = "{The Galaxy Evolution Explorer - Early Data}",
booktitle = {Maps of the Cosmos},
     year = 2005,
   series = {IAU Symposium},
   volume = 216,
   editor = {{Colless}, M. and {Staveley-Smith}, L. and {Stathakis}, R.~A.
	},
    month = jan,
    pages = {221},
   adsurl = {http://adsabs.harvard.edu/abs/2005IAUS..216..221M},
  adsnote = {Provided by the SAO/NASA Astrophysics Data System}
}

@article{Massey07,
	Adsnote = {Provided by the SAO/NASA Astrophysics Data System},
	Adsurl = {http://adsabs.harvard.edu/abs/2007AJ....134.2474M},
	Archiveprefix = {arXiv},
	Author = {{Massey}, P. and {McNeill}, R.~T. and {Olsen}, K.~A.~G. and {Hodge}, P.~W. and {et al.}},
	Doi = {10.1086/523658},
	Eprint = {0709.1267},
	Journal = {\aj},
	Keywords = {catalogs, galaxies: stellar content, stars: early-type, supergiants, surveys},
	Month = dec,
	Pages = {2474-2503},
	Title = {{A Survey of Local Group Galaxies Currently Forming Stars. III. A Search for Luminous Blue Variables and Other H{$\alpha$} Emission-Line Stars}},
	Volume = 134,
	Year = 2007,
  adsnote = {Provided by the SAO/NASA Astrophysics Data System}
}

@ARTICLE{Massey06,
   author = {{Massey}, P. and others},
    title = "{A Survey of Local Group Galaxies Currently Forming Stars. I. UBVRI Photometry of Stars in M31 and M33}",
  journal = {\aj},
   eprint = {astro-ph/0602128},
 keywords = {Catalogs, Galaxies: Individual: Messier Number: M31, Galaxies: Individual: Messier Number: M33, Galaxies: Stellar Content, Stars: Early-Type, Stars: Supergiants, Surveys},
     year = 2006,
    month = may,
   volume = 131,
    pages = {2478-2496},
      doi = {10.1086/503256},
   adsurl = {http://adsabs.harvard.edu/abs/2006AJ....131.2478M},
  adsnote = {Provided by the SAO/NASA Astrophysics Data System}
}

@ARTICLE{Nieten06,
   author = {{Nieten}, C. and {Neininger}, N. and {Gu{\'e}lin}, M. and {Ungerechts}, H. and 
	{Lucas}, R. and {Berkhuijsen}, E.~M. and {Beck}, R. and {Wielebinski}, R.
	},
    title = "{Molecular gas in the Andromeda galaxy}",
  journal = {\aap},
   eprint = {astro-ph/0512563},
 keywords = {ISM: molecules, galaxies: individual: M 31, galaxies: ISM, galaxies: spiral, radio lines: galaxies},
     year = 2006,
    month = jul,
   volume = 453,
    pages = {459-475},
      doi = {10.1051/0004-6361:20035672},
   adsurl = {http://adsabs.harvard.edu/abs/2006A%26A...453..459N},
  adsnote = {Provided by the SAO/NASA Astrophysics Data System}
}

@ARTICLE{Nyquist,
   author = {{Nyquist}, H.},
    title = "{Thermal Agitation of Electric Charge in Conductors}",
  journal = {Physical Review},
     year = 1928,
    month = jul,
   volume = 32,
    pages = {110-113},
      doi = {10.1103/PhysRev.32.110},
   adsurl = {http://adsabs.harvard.edu/abs/1928PhRv...32..110N},
  adsnote = {Provided by the SAO/NASA Astrophysics Data System}
}

@ARTICLE{Poglitsch10,
   author = {{Poglitsch}, A. and {et al.}},
    title = "{The Photodetector Array Camera and Spectrometer (PACS) on the Herschel Space Observatory}",
  journal = {\aap},
archivePrefix = "arXiv",
   eprint = {1005.1487},
 primaryClass = "astro-ph.IM",
 keywords = {space vehicles: instruments, instrumentation: photometers, instrumentation: spectrographs},
     year = 2010,
    month = jul,
   volume = 518,
      eid = {L2},
    pages = {L2},
      doi = {10.1051/0004-6361/201014535},
   adsurl = {http://adsabs.harvard.edu/abs/2010A%26A...518L...2P},
  adsnote = {Provided by the SAO/NASA Astrophysics Data System}
}

@ARTICLE{Shetty13,
   author = {{Shetty}, R. and {Kelly}, B.~C. and {Bigiel}, F.},
    title = "{Evidence for a non-universal Kennicutt-Schmidt relationship using hierarchical Bayesian linear regression}",
  journal = {\mnras},
archivePrefix = "arXiv",
   eprint = {1210.1218},
 primaryClass = "astro-ph.CO",
 keywords = {methods: statistical, galaxies: ISM, galaxies: star formation},
     year = 2013,
    month = mar,
   volume = 430,
    pages = {288-304},
      doi = {10.1093/mnras/sts617},
   adsurl = {http://adsabs.harvard.edu/abs/2013MNRAS.430..288S},
  adsnote = {Provided by the SAO/NASA Astrophysics Data System}
}

@ARTICLE{Smith12,
   author = {{Smith}, M.~W.~L. and {et al.}},
    title = "{The Herschel Exploitation of Local Galaxy Andromeda (HELGA). II. Dust and Gas in Andromeda}",
  journal = {\apj},
archivePrefix = "arXiv",
   eprint = {1204.0785},
 primaryClass = "astro-ph.CO",
 keywords = {galaxies: evolution, galaxies: individual: M31, galaxies: ISM, Local Group},
     year = 2012,
    month = sep,
   volume = 756,
      eid = {40},
    pages = {40},
      doi = {10.1088/0004-637X/756/1/40},
   adsurl = {http://adsabs.harvard.edu/abs/2012ApJ...756...40S},
  adsnote = {Provided by the SAO/NASA Astrophysics Data System}
}
@ARTICLE{Tamm12,
   author = {{Tamm}, A. and {Tempel}, E. and {Tenjes}, P. and {Tihhonova}, O. and 
	{Tuvikene}, T.},
    title = "{Stellar mass map and dark matter distribution in M 31}",
  journal = {\aap},
archivePrefix = "arXiv",
   eprint = {1208.5712},
 primaryClass = "astro-ph.CO",
 keywords = {galaxies: individual: Andromeda (M 31), galaxies: structure, galaxies: fundamental parameters, dark matter, galaxies: halos, galaxies: kinematics and dynamics},
     year = 2012,
    month = oct,
   volume = 546,
      eid = {A4},
    pages = {A4},
      doi = {10.1051/0004-6361/201220065},
   adsurl = {http://adsabs.harvard.edu/abs/2012A%26A...546A...4T},
  adsnote = {Provided by the SAO/NASA Astrophysics Data System}
}

@ARTICLE{Werner04,
   author = {{Werner}, M.~W. and {et al.}},
    title = "{The Spitzer Space Telescope Mission}",
  journal = {\apjs},
   eprint = {astro-ph/0406223},
 keywords = {Space Vehicles: Instruments, Telescopes},
     year = 2004,
    month = sep,
   volume = 154,
    pages = {1-9},
      doi = {10.1086/422992},
   adsurl = {http://adsabs.harvard.edu/abs/2004ApJS..154....1W},
  adsnote = {Provided by the SAO/NASA Astrophysics Data System}
}
@article{Gordon06,
	Adsnote = {Provided by the SAO/NASA Astrophysics Data System},
	Adsurl = {http://adsabs.harvard.edu/abs/2006ApJ...638L..87G},
	Author = {{Gordon}, K.~D. and {Bailin}, J. and {Engelbracht}, C.~W. and {Rieke}, G.~H. and {et al.}},
	Doi = {10.1086/501046},
	Eprint = {astro-ph/0601314},
	Journal = {\apjl},
	Keywords = {Galaxies: Individual: Messier Number: M31, Galaxies: Individual: Messier Number: M32, Galaxies: Individual: NGC Number: NGC 205, Galaxies: ISM, Galaxies: Spiral},
	Month = feb,
	Pages = {L87-L92},
	Title = {{Spitzer MIPS Infrared Imaging of M31: Further Evidence for a Spiral-Ring Composite Structure}},
	Volume = 638,
	Year = 2006,
  adsnote = {Provided by the SAO/NASA Astrophysics Data System}
}

@article{Boissier07,
	Adsurl = {http://adsabs.harvard.edu/abs/2007ApJS..173..524B},
	Author = {{Boissier}, S. and {Gil de Paz}, A. and {Boselli}, A. and {et al.}},
	Doi = {10.1086/516642},
	Eprint = {astro-ph/0609071},
	Journal = {\apjs},
	Keywords = {ISM: Dust, Extinction, Galaxies: Spiral, Infrared: Galaxies, Ultraviolet: Galaxies},
	Month = dec,
	Pages = {524-537},
	Title = {{Radial Variation of Attenuation and Star Formation in the Largest Late-Type Disks Observed with GALEX}},
	Volume = 173,
	Year = 2007,
	Adsnote = {Provided by the SAO/NASA Astrophysics Data System},
	}

	@article{Boissier03,
	Adsnote = {Provided by the SAO/NASA Astrophysics Data System},
	Adsurl = {http://adsabs.harvard.edu/abs/2003MNRAS.346.1215B},
	Author = {{Boissier}, S. and {Prantzos}, N. and {Boselli}, A. and {Gavazzi}, G.},
	Doi = {10.1111/j.1365-2966.2003.07170.x},
	Eprint = {astro-ph/0309372},
	Journal = {\mnras},
	Keywords = {galaxies: evolution, galaxies: general, galaxies: spiral},
	Month = dec,
	Pages = {1215-1230},
	Title = {{The star formation rate in disc galaxies: thresholds and dependence on gas amount}},
	Volume = 346,
	Year = 2003,
	}

	@article{Mannucci10,
	Adsnote = {Provided by the SAO/NASA Astrophysics Data System},
	Adsurl = {http://adsabs.harvard.edu/abs/2010MNRAS.408.2115M},
	Archiveprefix = {arXiv},
	Author = {{Mannucci}, F. and {Cresci}, G. and {Maiolino}, R. and {Marconi}, A. and {Gnerucci}, A.},
	Doi = {10.1111/j.1365-2966.2010.17291.x},
	Eprint = {1005.0006},
	Journal = {\mnras},
	Keywords = {galaxies: abundances, galaxies: formation, galaxies: high-redshift, galaxies: starburst},
	Month = nov,
	Pages = {2115-2127},
	Title = {{A fundamental relation between mass, star formation rate and metallicity in local and high-redshift galaxies}},
	Volume = 408,
	Year = 2010,
	}

	@article{Lilly13,
	Adsnote = {Provided by the SAO/NASA Astrophysics Data System},
	Adsurl = {http://adsabs.harvard.edu/abs/2013ApJ...772..119L},
	Archiveprefix = {arXiv},
	Author = {{Lilly}, S.~J. and {Carollo}, C.~M. and {Pipino}, A. and {Renzini}, A. and {Peng}, Y.},
	Doi = {10.1088/0004-637X/772/2/119},
	Eid = {119},
	Eprint = {1303.5059},
	Journal = {\apj},
	Keywords = {dark matter, galaxies: abundances, galaxies: evolution, galaxies: halos, galaxies: ISM},
	Month = aug,
	Pages = {119},
	Primaryclass = {astro-ph.CO},
	Title = {{Gas Regulation of Galaxies: The Evolution of the Cosmic Specific Star Formation Rate, the Metallicity-Mass-Star-formation Rate Relation, and the Stellar Content of Halos}},
	Volume = 772,
	Year = 2013,
	}

@article{Roychowdhury15,
	Adsnote = {Provided by the SAO/NASA Astrophysics Data System},
	Adsurl = {http://adsabs.harvard.edu/abs/2015MNRAS.449.3700R},
	Archiveprefix = {arXiv},
	Author = {{Roychowdhury}, S. and {Huang}, M.-L. and {Kauffmann}, G. and {Wang}, J. and {Chengalur}, J.~N.},
	Doi = {10.1093/mnras/stv515},
	Eprint = {1503.02667},
	Journal = {\mnras},
	Keywords = {galaxies: dwarf, galaxies: ISM, galaxies: spiral, galaxies: star formation, radio lines: galaxies, ultraviolet: galaxies},
	Month = jun,
	Pages = {3700-3709},
	Title = {{The spatially resolved Kennicutt-Schmidt relation in the H I-dominated regions of spiral and dwarf irregular galaxies}},
	Volume = 449,
	Year = 2015,
	}

@article{Mattsson14,
	Adsnote = {Provided by the SAO/NASA Astrophysics Data System},
	Adsurl = {http://adsabs.harvard.edu/abs/2014MNRAS.444..797M},
	Archiveprefix = {arXiv},
	Author = {{Mattsson}, L. and {Gomez}, H.~L. and {Andersen}, A.~C. and {Smith}, M.~W.~L. and {et al.}},
	Doi = {10.1093/mnras/stu1228},
	Eprint = {1406.7649},
	Journal = {\mnras},
	Keywords = {ISM: clouds, dust, extinction, ISM: evolution, galaxies: evolution, galaxies: individual: M31, galaxies: ISM},
	Month = oct,
	Pages = {797-807},
	Title = {{The Herschel exploitation of local galaxy Andromeda (HELGA) - V. Strengthening the case for substantial interstellar grain growth}},
	Volume = 444,
	Year = 2014,
	}
@inbook{Calzetti13,
	Adsnote = {Provided by the SAO/NASA Astrophysics Data System},
	Adsurl = {http://adsabs.harvard.edu/abs/2013seg..book..419C},
	Author = {{Calzetti}, D.},
	Booktitle = {Secular Evolution of Galaxies},
	Editor = {{Falc{\'o}n-Barroso}, J. and {Knapen}, J.~H.},
	Month = oct,
	Pages = {419},
	Title = {{Star Formation Rate Indicators}},
	Year = 2013,
	}
@article{Freundlich13,
	Adsnote = {Provided by the SAO/NASA Astrophysics Data System},
	Adsurl = {http://adsabs.harvard.edu/abs/2013A%26A...553A.130F},
	Archiveprefix = {arXiv},
	Author = {{Freundlich}, J. and {Combes}, F. and {Tacconi}, L.~J. and {Cooper}, M.~C. and {et al.}},
	Doi = {10.1051/0004-6361/201220981},
	Eid = {A130},
	Eprint = {1301.0628},
	Journal = {\aap},
	Keywords = {galaxies: evolution, galaxies: high-redshift, galaxies: structure, stars: formation, galaxies: ISM, galaxies: starburst},
	Month = may,
	Pages = {A130},
	Primaryclass = {astro-ph.CO},
	Title = {{Towards a resolved Kennicutt-Schmidt law at high redshift}},
	Volume = 553,
	Year = 2013,
	}
	@article{Krumholz09,
	Adsnote = {Provided by the SAO/NASA Astrophysics Data System},
	Adsurl = {http://adsabs.harvard.edu/abs/2009ApJ...699..850K},
	Archiveprefix = {arXiv},
	Author = {{Krumholz}, M.~R. and {McKee}, C.~F. and {Tumlinson}, J.},
	Doi = {10.1088/0004-637X/699/1/850},
	Eprint = {0904.0009},
	Journal = {\apj},
	Keywords = {galaxies: ISM, ISM: clouds, ISM: molecules, stars: formation},
	Month = jul,
	Pages = {850-856},
	Primaryclass = {astro-ph.GA},
	Title = {{The Star Formation Law in Atomic and Molecular Gas}},
	Volume = 699,
	Year = 2009,
	}
	@ARTICLE{Kim11,
   author = {{Kim}, C.-G. and {Kim}, W.-T. and {Ostriker}, E.~C.},
    title = "{Regulation of Star Formation Rates in Multiphase Galactic Disks: Numerical Tests of the Thermal/Dynamical Equilibrium Model}",
  journal = {\apj},
archivePrefix = "arXiv",
   eprint = {1109.0028},
 keywords = {galaxies: ISM, galaxies: kinematics and dynamics, galaxies: star formation, methods: numerical, turbulence},
     year = 2011,
    month = dec,
   volume = 743,
      eid = {25},
    pages = {25},
      doi = {10.1088/0004-637X/743/1/25},
   adsurl = {http://adsabs.harvard.edu/abs/2011ApJ...743...25K},
  adsnote = {Provided by the SAO/NASA Astrophysics Data System}
}
@INPROCEEDINGS{Berriman08,
   author = {{Berriman}, G.~B. and {Good}, J.~C. and {Laity}, A.~C. and {Kong}, M.
	},
    title = "{The Montage Image Mosaic Service: Custom Image Mosaics On-Demand}",
booktitle = {Astronomical Data Analysis Software and Systems XVII},
     year = 2008,
   series = {Astronomical Society of the Pacific Conference Series},
   volume = 394,
   editor = {{Argyle}, R.~W. and {Bunclark}, P.~S. and {Lewis}, J.~R.},
    month = aug,
    pages = {83},
   adsurl = {http://adsabs.harvard.edu/abs/2008ASPC..394...83B},
  adsnote = {Provided by the SAO/NASA Astrophysics Data System}
}
@article{Dole06,
	Adsnote = {Provided by the SAO/NASA Astrophysics Data System},
	Adsurl = {http://adsabs.harvard.edu/abs/2006A%26A...451..417D},
	Author = {{Dole}, H. and {Lagache}, G. and {Puget}, J.-L. and {Caputi}, K.~I. and {Fern{\'a}ndez-Conde}, N. and {Le Floc'h}, E. and {Papovich}, C. and {P{\'e}rez-Gonz{\'a}lez}, P.~G. and {Rieke}, G.~H. and {Blaylock}, M.},
	Doi = {10.1051/0004-6361:20054446},
	Eprint = {astro-ph/0603208},
	Journal = {\aap},
	Month = may,
	Pages = {417-429},
	Title = {{The cosmic infrared background resolved by Spitzer. Contributions of mid-infrared galaxies to the far-infrared background}},
	Volume = 451,
	Year = 2006,
	}
	@inproceedings{Dib11a,
	Adsnote = {Provided by the SAO/NASA Astrophysics Data System},
	Adsurl = {http://adsabs.harvard.edu/abs/2011sf2a.conf..275D},
	Archiveprefix = {arXiv},
	Author = {{Dib}, S. and {Piau}, L. and {Mohanty}, S. and {Braine}, J.},
	Booktitle = {SF2A-2011: Proceedings of the Annual meeting of the French Society of Astronomy and Astrophysics},
	Editor = {{Alecian}, G. and {Belkacem}, K. and {Samadi}, R. and {Valls-Gabaud}, D.},
	Eprint = {1109.3699},
	Keywords = {Stars: massive, winds, ISM: clouds, galaxies: star formation: star clusters},
	Month = dec,
	Pages = {275-282},
	Title = {{The dependence of the galactic star formation laws on metallicity}},
	Year = 2011,}

@article{Dib11b,
	Adsnote = {Provided by the SAO/NASA Astrophysics Data System},
	Adsurl = {http://adsabs.harvard.edu/abs/2011MNRAS.415.3439D},
	Archiveprefix = {arXiv},
	Author = {{Dib}, S. and {Piau}, L. and {Mohanty}, S. and {Braine}, J.},
	Doi = {10.1111/j.1365-2966.2011.18966.x},
	Eprint = {1102.3839},
	Journal = {\mnras},
	Keywords = {turbulence, stars: luminosity function, mass function, ISM: clouds, open clusters and associations: general, galaxies: star clusters: general, galaxies: star formation},
	Month = aug,
	Pages = {3439-3454},
	Title = {{Star formation efficiency as a function of metallicity: from star clusters to galaxies}},
	Volume = 415,
	Year = 2011,
	}
	@ARTICLE{Tauber10,
   author = {{Tauber}, J.~A. and {Mandolesi}, N. and {Puget}, J.-L. and {Banos}, T. and 
	{Bersanelli}, M. and {Bouchet}, F.~R. and {Butler}, R.~C. and 
	{Charra}, J. and {Crone}, G. and {Dodsworth}, J. and {et al.}},
    title = "{Planck pre-launch status: The Planck mission}",
  journal = {\aap},
 keywords = {cosmic microwave background, space vehicles: instruments, instrumentation: detectors, instrumentation: polarimeters, submillimeter: general, radio continuum: general},
     year = 2010,
    month = sep,
   volume = 520,
      eid = {A1},
    pages = {A1},
      doi = {10.1051/0004-6361/200912983},
   adsurl = {http://adsabs.harvard.edu/abs/2010A%26A...520A...1T},
  adsnote = {Provided by the SAO/NASA Astrophysics Data System}
}

@ARTICLE{Wong13,
   author = {{Wong}, T. and {Xue}, R. and {Bolatto}, A.~D. and {Leroy}, A.~K. and 
	{Blitz}, L. and {Rosolowsky}, E. and {Bigiel}, F. and {Fisher}, D.~B. and 
	{Ott}, J. and {Rahman}, N. and {Vogel}, S.~N. and {Walter}, F.
	},
    title = "{CARMA Survey toward Infrared-bright Nearby Galaxies (STING). III. The Dependence of Atomic and Molecular Gas Surface Densities on Galaxy Properties}",
  journal = {\apjl},
archivePrefix = "arXiv",
   eprint = {1309.6513},
 keywords = {galaxies: ISM, ISM: atoms, ISM: molecules },
     year = 2013,
    month = nov,
   volume = 777,
      eid = {L4},
    pages = {L4},
      doi = {10.1088/2041-8205/777/1/L4},
   adsurl = {http://adsabs.harvard.edu/abs/2013ApJ...777L...4W},
  adsnote = {Provided by the SAO/NASA Astrophysics Data System}
}

@ARTICLE{Draine07,
   author = {{Draine}, B.~T. and {Dale}, D.~A. and {Bendo}, G. and {Gordon}, K.~D. and {et al.}},
    title = "{Dust Masses, PAH Abundances, and Starlight Intensities in the SINGS Galaxy Sample}",
  journal = {\apj},
   eprint = {astro-ph/0703213},
 keywords = {ISM: Dust, Extinction, Galaxies: Abundances, Galaxies: General, Galaxies: ISM, Infrared: Galaxies, ISM: General},
     year = 2007,
    month = jul,
   volume = 663,
    pages = {866-894},
      doi = {10.1086/518306},
   adsurl = {http://adsabs.harvard.edu/abs/2007ApJ...663..866D},
  adsnote = {Provided by the SAO/NASA Astrophysics Data System}
}

@ARTICLE{Zaritsky94a,
   author = {{Zaritsky}, D. and {Kennicutt}, Jr., R.~C. and {Huchra}, J.~P.},
    title = "{H II regions and the abundance properties of spiral galaxies}",
  journal = {\apj},
 keywords = {Abundance, H Ii Regions, Irregular Galaxies, Oxygen, Spiral Galaxies, Disk Galaxies, Emission Spectra, Metallicity, Stellar Luminosity},
     year = 1994,
    month = jan,
   volume = 420,
    pages = {87-109},
      doi = {10.1086/173544},
   adsurl = {http://adsabs.harvard.edu/abs/1994ApJ...420...87Z},
  adsnote = {Provided by the SAO/NASA Astrophysics Data System}
}

@ARTICLE{McGaugh91,
   author = {{McGaugh}, S.~S.},
    title = "{H II region abundances - Model oxygen line ratios}",
  journal = {\apj},
 keywords = {Abundance, H Ii Regions, Line Spectra, Oxygen Spectra, Forbidden Bands, Star Clusters, Stellar Spectra},
     year = 1991,
    month = oct,
   volume = 380,
    pages = {140-150},
      doi = {10.1086/170569},
   adsurl = {http://adsabs.harvard.edu/abs/1991ApJ...380..140M},
  adsnote = {Provided by the SAO/NASA Astrophysics Data System}
}
@ARTICLE{McConnachie05,
   author = {{McConnachie}, A.~W. and {Irwin}, M.~J. and {Ferguson}, A.~M.~N. and 
	{Ibata}, R.~A. and {Lewis}, G.~F. and {Tanvir}, N.},
    title = "{Distances and metallicities for 17 Local Group galaxies}",
  journal = {\mnras},
   eprint = {astro-ph/0410489},
 keywords = {galaxies: general, Local Group, galaxies: stellar content},
     year = 2005,
    month = jan,
   volume = 356,
    pages = {979-997},
      doi = {10.1111/j.1365-2966.2004.08514.x},
   adsurl = {http://adsabs.harvard.edu/abs/2005MNRAS.356..979M},
  adsnote = {Provided by the SAO/NASA Astrophysics Data System}
}
@ARTICLE{Madau14,
   author = {{Madau}, P. and {Dickinson}, M.},
    title = "{Cosmic Star-Formation History}",
  journal = {\araa},
archivePrefix = "arXiv",
   eprint = {1403.0007},
     year = 2014,
    month = aug,
   volume = 52,
    pages = {415-486},
      doi = {10.1146/annurev-astro-081811-125615},
   adsurl = {http://adsabs.harvard.edu/abs/2014ARA26A..52..415M},
  adsnote = {Provided by the SAO/NASA Astrophysics Data System}
}
@ARTICLE{Aniano11,
   author = {{Aniano}, G. and {Draine}, B.~T. and {Gordon}, K.~D. and {Sandstrom}, K.
	},
    title = "{Common-Resolution Convolution Kernels for Space- and Ground-Based Telescopes}",
  journal = {\pasp},
archivePrefix = "arXiv",
   eprint = {1106.5065},
 keywords = {Data Analysis and Techniques},
     year = 2011,
    month = oct,
   volume = 123,
    pages = {1218-1236},
      doi = {10.1086/662219},
   adsurl = {http://adsabs.harvard.edu/abs/2011PASP..123.1218A},
  adsnote = {Provided by the SAO/NASA Astrophysics Data System}
}

@ARTICLE{Groves12,
   author = {{Groves}, B. and {Krause}, O. and {Sandstrom}, K. and {Schmiedeke}, A. and 
	{Leroy}, A. and {Linz}, H. and {Kapala}, M. and {Rix}, H.-W. and 
	{Schinnerer}, E. and {Tabatabaei}, F. and {Walter}, F. and {da Cunha}, E.
	},
    title = "{The heating of dust by old stellar populations in the bulge of M31}",
  journal = {\mnras},
archivePrefix = "arXiv",
   eprint = {1206.2925},
 keywords = {galaxies: bulges, galaxies: individual: M31, galaxies: ISM, infrared: galaxies},
     year = 2012,
    month = oct,
   volume = 426,
    pages = {892-902},
      doi = {10.1111/j.1365-2966.2012.21696.x},
   adsurl = {http://adsabs.harvard.edu/abs/2012MNRAS.426..892G},
  adsnote = {Provided by the SAO/NASA Astrophysics Data System}
}
@ARTICLE{Kroupa03,
   author = {{Kroupa}, P. and {Weidner}, C.},
    title = "{Galactic-Field Initial Mass Functions of Massive Stars}",
  journal = {\apj},
   eprint = {astro-ph/0308356},
 keywords = {Galaxies: Evolution, Galaxies: Star Clusters, Galaxies: Stellar Content, Galaxy: Stellar Content, Stars: Formation, Stars: Luminosity Function, Mass Function},
     year = 2003,
    month = dec,
   volume = 598,
    pages = {1076-1078},
      doi = {10.1086/379105},
   adsurl = {http://adsabs.harvard.edu/abs/2003ApJ...598.1076K},
  adsnote = {Provided by the SAO/NASA Astrophysics Data System}
}
@ARTICLE{Viaene14,
   author = {{Viaene}, S. and {Fritz}, J. and {Baes}, M. and {Bendo}, G.~J. and 
	{Blommaert}, J.~A.~D.~L. and {Boquien}, M. and {Boselli}, A. and 
	{Ciesla}, L. and {Cortese}, L. and {De Looze}, I. and {Gear}, W.~K. and 
	{Gentile}, G. and {Hughes}, T.~M. and {Jarrett}, T. and {Karczewski}, O.~{\L}. and 
	{Smith}, M.~W.~L. and {Spinoglio}, L. and {Tamm}, A. and {Tempel}, E. and 
	{Thilker}, D. and {Verstappen}, J.},
    title = "{The Herschel Exploitation of Local Galaxy Andromeda (HELGA). IV. Dust scaling relations at sub-kpc resolution}",
  journal = {\aap},
archivePrefix = "arXiv",
   eprint = {1403.4272},
 keywords = {galaxies: individual: M 31, galaxies: ISM, infrared: ISM, galaxies: fundamental parameters, dust, extinction, methods: observational},
     year = 2014,
    month = jul,
   volume = 567,
      eid = {A71},
    pages = {A71},
      doi = {10.1051/0004-6361/201423534},
   adsurl = {http://adsabs.harvard.edu/abs/2014A%26A...567A..71V},
  adsnote = {Provided by the SAO/NASA Astrophysics Data System}
}