%Query Results from the ADS Database


%Retrieved 9 abstracts, starting with number 1.  Total number selected: 9.

@ARTICLE{Greisel15,
   author = {{Greisel}, N. and {Seitz}, S. and {Drory}, N.  and {et al.}},
    title = "{Photometric redshifts and model spectral energy distributions of galaxies from the SDSS-III BOSS DR10 data}",
  journal = {\mnras},
archivePrefix = "arXiv",
   eprint = {1505.01157},
 keywords = {galaxies: distances and redshifts, galaxies: evolution},
     year = 2015,
    month = aug,
   volume = 451,
    pages = {1848-1867},
      doi = {10.1093/mnras/stv1005},
   adsurl = {http://adsabs.harvard.edu/abs/2015MNRAS.451.1848G},
  adsnote = {Provided by the SAO/NASA Astrophysics Data System}
}

@ARTICLE{Boersma14,
   author = {{Boersma}, C. and {Bregman}, J. and {Allamandola}, L.~J.},
    title = "{Properties of Polycyclic Aromatic Hydrocarbons in the Northwest Photon Dominated Region of NGC 7023. II. Traditional PAH Analysis Using k-means as a Visualization Tool}",
  journal = {\apj},
 keywords = {astrochemistry, infrared: ISM, ISM: individual objects: NGC 7023, techniques: spectroscopic},
     year = 2014,
    month = nov,
   volume = 795,
      eid = {110},
    pages = {110},
      doi = {10.1088/0004-637X/795/2/110},
   adsurl = {http://adsabs.harvard.edu/abs/2014ApJ...795..110B},
  adsnote = {Provided by the SAO/NASA Astrophysics Data System}
}

@ARTICLE{Kind14b,
   author = {{Carrasco Kind}, M. and {Brunner}, R.~J.},
    title = "{Exhausting the information: novel Bayesian combination of photometric redshift PDFs}",
  journal = {\mnras},
archivePrefix = "arXiv",
   eprint = {1403.0044},
 keywords = {methods: data analysis, methods: statistical, surveys, galaxies: distances and redshifts, galaxies: statistics},
     year = 2014,
    month = aug,
   volume = 442,
    pages = {3380-3399},
      doi = {10.1093/mnras/stu1098},
   adsurl = {http://adsabs.harvard.edu/abs/2014MNRAS.442.3380C},
  adsnote = {Provided by the SAO/NASA Astrophysics Data System}
}

@ARTICLE{Hossein14,
   author = {{Teimoorinia}, H. and {Ellison}, S.~L.},
    title = "{Artificial neural network based calibrations for the prediction of galactic [N II] {$\lambda$}6584 and H{$\alpha$} line luminosities}",
  journal = {\mnras},
archivePrefix = "arXiv",
   eprint = {1401.7384},
 keywords = {methods: data analysis, methods: statistical, catalogues, galaxies: ISM},
     year = 2014,
    month = apr,
   volume = 439,
    pages = {3526-3540},
      doi = {10.1093/mnras/stu205},
   adsurl = {http://adsabs.harvard.edu/abs/2014MNRAS.439.3526T},
  adsnote = {Provided by the SAO/NASA Astrophysics Data System}
}

@ARTICLE{Kind14a,
   author = {{Carrasco Kind}, M. and {Brunner}, R.~J.},
    title = "{SOMz: photometric redshift PDFs with self-organizing maps and random atlas}",
  journal = {\mnras},
archivePrefix = "arXiv",
   eprint = {1312.5753},
 primaryClass = "astro-ph.IM",
 keywords = {methods: data analysis, methods: statistical, surveys, galaxies: distances and redshifts, galaxies: statistics},
     year = 2014,
    month = mar,
   volume = 438,
    pages = {3409-3421},
      doi = {10.1093/mnras/stt2456},
   adsurl = {http://adsabs.harvard.edu/abs/2014MNRAS.438.3409C},
  adsnote = {Provided by the SAO/NASA Astrophysics Data System}
}

@ARTICLE{Sanders12,
   author = {{Sanders}, N.~E. and {Caldwell}, N. and {McDowell}, J. and {Harding}, P.
	},
    title = "{The Metallicity Profile of M31 from Spectroscopy of Hundreds of H II Regions and PNe}",
  journal = {\apj},
archivePrefix = "arXiv",
   eprint = {1209.2251},
 primaryClass = "astro-ph.CO",
 keywords = {galaxies: abundances, galaxies: evolution, galaxies: individual: M 31, H II regions, planetary nebulae: general},
     year = 2012,
    month = oct,
   volume = 758,
      eid = {133},
    pages = {133},
      doi = {10.1088/0004-637X/758/2/133},
   adsurl = {http://adsabs.harvard.edu/abs/2012ApJ...758..133S},
  adsnote = {Provided by the SAO/NASA Astrophysics Data System}
}

@ARTICLE{Gordon08,
   author = {{Gordon}, K.~D. and {Engelbracht}, C.~W. and {Rieke}, G.~H.  and {et al.}
	},
    title = "{The Behavior of the Aromatic Features in M101 H II Regions: Evidence for Dust Processing}",
  journal = {\apj},
archivePrefix = "arXiv",
   eprint = {0804.3223},
 keywords = {ISM: Dust, Extinction, Galaxies: Individual: Messier Number: M101, Galaxies: ISM, Galaxies: Spiral},
     year = 2008,
    month = jul,
   volume = 682,
    pages = {336-354},
      doi = {10.1086/589567},
   adsurl = {http://adsabs.harvard.edu/abs/2008ApJ...682..336G},
  adsnote = {Provided by the SAO/NASA Astrophysics Data System}
}

@ARTICLE{Smith07a,
   author = {{Smith}, J.~D.~T. and {Armus}, L. and {Dale}, D.~A. and {Roussel}, H.  and {et al.}},
    title = "{Spectral Mapping Reconstruction of Extended Sources}",
  journal = {\pasp},
archivePrefix = "arXiv",
   eprint = {0708.3745},
 keywords = {Astronomical Techniques},
     year = 2007,
    month = oct,
   volume = 119,
    pages = {1133-1144},
      doi = {10.1086/522634},
   adsurl = {http://adsabs.harvard.edu/abs/2007PASP..119.1133S},
  adsnote = {Provided by the SAO/NASA Astrophysics Data System}
}

@ARTICLE{Smith07b,
   author = {{Smith}, J.~D.~T. and {Draine}, B.~T. and {Dale}, D.~A.  and {et al.}},
    title = "{The Mid-Infrared Spectrum of Star-forming Galaxies: Global Properties of Polycyclic Aromatic Hydrocarbon Emission}",
  journal = {\apj},
   eprint = {astro-ph/0610913},
 keywords = {Galaxies: Active, Galaxies: ISM, Infrared: Galaxies, Techniques: Spectroscopic},
     year = 2007,
    month = feb,
   volume = 656,
    pages = {770-791},
      doi = {10.1086/510549},
   adsurl = {http://adsabs.harvard.edu/abs/2007ApJ...656..770S},
  adsnote = {Provided by the SAO/NASA Astrophysics Data System}
}

@ARTICLE{Kohonen82,
year={1982},
issn={0340-1200},
journal={Biological Cybernetics},
volume={43},
number={1},
doi={10.1007/BF00337288},
title={Self-organized formation of topologically correct feature maps},
url={http://dx.doi.org/10.1007/BF00337288},
publisher={Springer-Verlag},
author={Kohonen, Teuvo},
pages={59-69},
language={English}
}

@article{Kohonen98,
title = "The self-organizing map ",
journal = "Neurocomputing ",
volume = "21",
number = "1â3",
pages = "1 - 6",
year = "1998",
note = "",
issn = "0925-2312",
doi = "http://dx.doi.org/10.1016/S0925-2312(98)00030-7",
url = "http://www.sciencedirect.com/science/article/pii/S0925231298000307",
author = "Teuvo Kohonen",
keywords = "Self-organizing map",
keywords = "Learning vector quantization ",
abstract = "An overview of the self-organizing map algorithm, on which the papers in this issue are based, is presented in this article. "
}
@ARTICLE{Hossein12,
   author = {{Teimoorinia}, H.},
    title = "{Spectral Classification of Galaxies at 0.5 $\lt$= z $\lt$= 1 in the CDFS: The Artificial Neural Network Approach}",
  journal = {\aj},
 keywords = {galaxies: fundamental parameters, galaxies: high-redshift, methods: data analysis, methods: statistical},
     year = 2012,
    month = dec,
   volume = 144,
      eid = {172},
    pages = {172},
      doi = {10.1088/0004-6256/144/6/172},
   adsurl = {http://adsabs.harvard.edu/abs/2012AJ....144..172T},
  adsnote = {Provided by the SAO/NASA Astrophysics Data System}
}
@ARTICLE{Kinney96,
   author = {{Kinney}, A.~L. and {Calzetti}, D. and {Bohlin}, R.~C. and {et al.}},
    title = "{Template Ultraviolet to Near-Infrared Spectra of Star-forming Galaxies and Their Application to K-Corrections}",
  journal = {\apj},
 keywords = {GALAXIES: PHOTOMETRY, GALAXIES: STARBURST, GALAXIES: DISTANCES AND REDSHIFTS, GALAXIES: STELLAR CONTENT, GALAXIES: QUASARS: GENERAL},
     year = 1996,
    month = aug,
   volume = 467,
    pages = {38},
      doi = {10.1086/177583},
   adsurl = {http://adsabs.harvard.edu/abs/1996ApJ...467...38K},
  adsnote = {Provided by the SAO/NASA Astrophysics Data System}
}

@ARTICLE{Coleman80,
   author = {{Coleman}, G.~D. and {Wu}, C.-C. and {Weedman}, D.~W.},
    title = "{Colors and magnitudes predicted for high redshift galaxies}",
  journal = {\apjs},
 keywords = {Galactic Clusters, Hertzsprung-Russell Diagram, Red Shift, Spectral Energy Distribution, Ultraviolet Astronomy, Ultraviolet Spectra, Astronomical Photometry, Continuous Spectra, Cosmology, Elliptical Galaxies, Spiral Galaxies, Ubv Spectra, Visible Spectrum},
     year = 1980,
    month = jul,
   volume = 43,
    pages = {393-416},
      doi = {10.1086/190674},
   adsurl = {http://adsabs.harvard.edu/abs/1980ApJS...43..393C},
  adsnote = {Provided by the SAO/NASA Astrophysics Data System}
}
@ARTICLE{Dim15,
   author = {{Hemachandra}, D. and {Barmby}, P. and {Peeters}, E.  and {et al.}},
    title = "{Mid-infrared spectroscopy of the Andromeda galaxy}",
  journal = {\mnras},
archivePrefix = "arXiv",
   eprint = {1509.05781},
 keywords = {ISM: lines and bands, ISM: molecules, galaxies: individual: M31, galaxies: ISM, galaxies: nuclei, infrared: ISM},
     year = 2015,
    month = nov,
   volume = 454,
    pages = {818-830},
      doi = {10.1093/mnras/stv2001},
   adsurl = {http://adsabs.harvard.edu/abs/2015MNRAS.454..818H},
  adsnote = {Provided by the SAO/NASA Astrophysics Data System}
}
@ARTICLE{Rahmani16,
   author = {{Rahmani}, S. and {Lianou}, S. and {Barmby}, P.},
    title = "{Star formation laws in the Andromeda galaxy: gas, stars, metals and the surface density of star formation}",
  journal = {\mnras},
archivePrefix = "arXiv",
   eprint = {1512.06675},
 keywords = {methods: observational, methods: statistical, galaxies: ISM, galaxies: spiral, galaxies: star formation, galaxies: stellar content},
     year = 2016,
    month = mar,
   volume = 456,
    pages = {4128-4144},
      doi = {10.1093/mnras/stv2951},
   adsurl = {http://adsabs.harvard.edu/abs/2016MNRAS.456.4128R},
  adsnote = {Provided by the SAO/NASA Astrophysics Data System}
}
@ARTICLE{Barmby06,
   author = {{Barmby}, P. and {Ashby}, M.~L.~N. and {Bianchi}, L. and {et al.}},
    title = "{Dusty Waves on a Starry Sea: The Mid-Infrared View of M31}",
  journal = {\apjl},
   eprint = {astro-ph/0608593},
 keywords = {Galaxies: Individual: Messier Number: M31, Galaxies: ISM, Galaxies: Spiral, Galaxies: Stellar Content, Infrared: Galaxies},
     year = 2006,
    month = oct,
   volume = 650,
    pages = {L45-L49},
      doi = {10.1086/508626},
   adsurl = {http://adsabs.harvard.edu/abs/2006ApJ...650L..45B},
  adsnote = {Provided by the SAO/NASA Astrophysics Data System}
}
@article{Gordon06,
	Adsnote = {Provided by the SAO/NASA Astrophysics Data System},
	Adsurl = {http://adsabs.harvard.edu/abs/2006ApJ...638L..87G},
	Author = {{Gordon}, K.~D. and {Bailin}, J. and {Engelbracht}, C.~W. and {Rieke}, G.~H. and {et al.}},
	Doi = {10.1086/501046},
	Eprint = {astro-ph/0601314},
	Journal = {\apjl},
	Keywords = {Galaxies: Individual: Messier Number: M31, Galaxies: Individual: Messier Number: M32, Galaxies: Individual: NGC Number: NGC 205, Galaxies: ISM, Galaxies: Spiral},
	Month = feb,
	Pages = {L87-L92},
	Title = {{Spitzer MIPS Infrared Imaging of M31: Further Evidence for a Spiral-Ring Composite Structure}},
	Volume = 638,
	Year = 2006,
  adsnote = {Provided by the SAO/NASA Astrophysics Data System}
}
@article{Massey07,
	Adsnote = {Provided by the SAO/NASA Astrophysics Data System},
	Adsurl = {http://adsabs.harvard.edu/abs/2007AJ....134.2474M},
	Archiveprefix = {arXiv},
	Author = {{Massey}, P. and {McNeill}, R.~T. and {Olsen}, K.~A.~G. and {Hodge}, P.~W. and {et al.}},
	Doi = {10.1086/523658},
	Eprint = {0709.1267},
	Journal = {\aj},
	Keywords = {catalogs, galaxies: stellar content, stars: early-type, supergiants, surveys},
	Month = dec,
	Pages = {2474-2503},
	Title = {{A Survey of Local Group Galaxies Currently Forming Stars. III. A Search for Luminous Blue Variables and Other H{$\alpha$} Emission-Line Stars}},
	Volume = 134,
	Year = 2007,
  adsnote = {Provided by the SAO/NASA Astrophysics Data System}
}
@ARTICLE{Nieten06,
   author = {{Nieten}, C. and {Neininger}, N. and {Gu{\'e}lin}, M. and {Ungerechts}, H. and 
	{Lucas}, R. and {Berkhuijsen}, E.~M. and {Beck}, R. and {Wielebinski}, R.
	},
    title = "{Molecular gas in the Andromeda galaxy}",
  journal = {\aap},
   eprint = {astro-ph/0512563},
 keywords = {ISM: molecules, galaxies: individual: M 31, galaxies: ISM, galaxies: spiral, radio lines: galaxies},
     year = 2006,
    month = jul,
   volume = 453,
    pages = {459-475},
      doi = {10.1051/0004-6361:20035672},
   adsurl = {http://adsabs.harvard.edu/abs/2006A%26A...453..459N},
  adsnote = {Provided by the SAO/NASA Astrophysics Data System}
}
@ARTICLE{Chemin09,
   author = {{Chemin}, L. and {Carignan}, C. and {Foster}, T.},
  journal = {\apj},
archivePrefix = "arXiv",
   eprint = {0909.3846},
 keywords = {galaxies: fundamental parameters: mass, galaxies: individual: M31 NGC 224, galaxies: ISM, galaxies: kinematics and dynamics, galaxies: structure, Local Group},
     year = 2009,
    month = nov,
   volume = 705,
    pages = {1395-1415},
      doi = {10.1088/0004-637X/705/2/1395},
   adsurl = {http://adsabs.harvard.edu/abs/2009ApJ...705.1395C},
  adsnote = {Provided by the SAO/NASA Astrophysics Data System}
}
@ARTICLE{Draine14,
   author = {{Draine}, B.~T. and {Aniano}, G. and {Krause}, O. and {Groves}, B. and {Sandstrom}, K. and {et al.}},
    title = "{Andromeda's Dust}",
  journal = {\apj},
archivePrefix = "arXiv",
   eprint = {1306.2304},
 primaryClass = "astro-ph.CO",
 keywords = {dust, extinction, infrared: galaxies, infrared: ISM},
     year = 2014,
    month = jan,
   volume = 780,
      eid = {172},
    pages = {172},
      doi = {10.1088/0004-637X/780/2/172},
   adsurl = {http://adsabs.harvard.edu/abs/2014ApJ...780..172D},
  adsnote = {Provided by the SAO/NASA Astrophysics Data System}
}
@ARTICLE{Fritz12,
   author = {{Fritz}, J. and {Gentile}, G. and {Smith}, M.~W.~L. and {Gear}, W.~K. and {et al.}},
    title = "{The Herschel Exploitation of Local Galaxy Andromeda (HELGA). I. Global far-infrared and sub-mm morphology}",
  journal = {\aap},
archivePrefix = "arXiv",
   eprint = {1112.3348},
 primaryClass = "astro-ph.CO",
 keywords = {galaxies: individual: M 31, galaxies: ISM, infrared: ISM},
     year = 2012,
    month = oct,
   volume = 546,
      eid = {A34},
    pages = {A34},
      doi = {10.1051/0004-6361/201118619},
   adsurl = {http://adsabs.harvard.edu/abs/2012A%26A...546A..34F},
  adsnote = {Provided by the SAO/NASA Astrophysics Data System}
}

@INPROCEEDINGS{Martin05,
   author = {{Martin}, C. and {GALEX Team}},
    title = "{The Galaxy Evolution Explorer - Early Data}",
booktitle = {Maps of the Cosmos},
     year = 2005,
   series = {IAU Symposium},
   volume = 216,
   editor = {{Colless}, M. and {Staveley-Smith}, L. and {Stathakis}, R.~A.
	},
    month = jan,
    pages = {221},
   adsurl = {http://adsabs.harvard.edu/abs/2005IAUS..216..221M},
  adsnote = {Provided by the SAO/NASA Astrophysics Data System}
}
@INPROCEEDINGS{Houck04b,
   author = {{Houck}, J.~R. and {Roellig}, T.~L. and {Van Cleve}, J. and 
	{et al.}},
    title = "{The infrared spectrograph on the Spitzer Space Telescope}",
booktitle = {Optical, Infrared, and Millimeter Space Telescopes},
     year = 2004,
   series = {Society of Photo-Optical Instrumentation Engineers (SPIE) Conference Series},
   volume = 5487,
   editor = {{Mather}, J.~C.},
    month = oct,
    pages = {62-76},
      doi = {10.1117/12.550517},
   adsurl = {http://adsabs.harvard.edu/abs/2004SPIE.5487...62H},
  adsnote = {Provided by the SAO/NASA Astrophysics Data System}
}
@ARTICLE{Walter08,
   author = {{Walter}, F. and {Brinks}, E. and {de Blok}, W.~J.~G. and {Bigiel}, F. and 
	{Kennicutt}, Jr., R.~C. and {Thornley}, M.~D. and {Leroy}, A.
	},
    title = "{THINGS: The H I Nearby Galaxy Survey}",
  journal = {\aj},
archivePrefix = "arXiv",
   eprint = {0810.2125},
 keywords = {galaxies: ISM, galaxies: structure, ISM: atoms, ISM: general, radio lines: galaxies, surveys},
     year = 2008,
    month = dec,
   volume = 136,
      eid = {2563-2647},
    pages = {2563-2647},
      doi = {10.1088/0004-6256/136/6/2563},
   adsurl = {http://adsabs.harvard.edu/abs/2008AJ....136.2563W},
  adsnote = {Provided by the SAO/NASA Astrophysics Data System}
}
@ARTICLE{Helfer03,
   author = {{Helfer}, T.~T. and {Thornley}, M.~D. and {Regan}, M.~W. and 
	{et al.}},
    title = "{The BIMA Survey of Nearby Galaxies (BIMA SONG). II. The CO Data}",
  journal = {\apjs},
   eprint = {astro-ph/0304294},
 keywords = {Galaxies: ISM, Galaxies: Spiral, Radio Lines: Galaxies, Surveys, Techniques: Interferometric},
     year = 2003,
    month = apr,
   volume = 145,
    pages = {259-327},
      doi = {10.1086/346076},
   adsurl = {http://adsabs.harvard.edu/abs/2003ApJS..145..259H},
  adsnote = {Provided by the SAO/NASA Astrophysics Data System}
}
@ARTICLE{Kennicutt11,
   author = {{Kennicutt}, R.~C. and {Calzetti}, D. and {Aniano}, G. and {et al.}},
    title = "{KINGFISH -- Key Insights on Nearby Galaxies: A Far-Infrared Survey with Herschel: Survey Description and Image Atlas}",
  journal = {\pasp},
archivePrefix = "arXiv",
   eprint = {1111.4438},
 keywords = {Galaxies},
     year = 2011,
    month = dec,
   volume = 123,
    pages = {1347-1369},
      doi = {10.1086/663818},
   adsurl = {http://adsabs.harvard.edu/abs/2011PASP..123.1347K},
  adsnote = {Provided by the SAO/NASA Astrophysics Data System}
}

@ARTICLE{Dale09,
   author = {{Dale}, D.~A. and {Cohen}, S.~A. and {Johnson}, L.~C. and {Schuster}, M.~D. and 
	{et al.}},
    title = "{The Spitzer Local Volume Legacy: Survey Description and Infrared Photometry}",
  journal = {\apj},
archivePrefix = "arXiv",
   eprint = {0907.4722},
 keywords = {galaxies: photometry, infrared: galaxies, surveys},
     year = 2009,
    month = sep,
   volume = 703,
    pages = {517-556},
      doi = {10.1088/0004-637X/703/1/517},
   adsurl = {http://adsabs.harvard.edu/abs/2009ApJ...703..517D},
  adsnote = {Provided by the SAO/NASA Astrophysics Data System}
}

@ARTICLE{depaz07,
   author = {{Gil de Paz}, A. and {Boissier}, S. and {Madore}, B.~F. and 
	{et al.}},
    title = "{The GALEX Ultraviolet Atlas of Nearby Galaxies}",
  journal = {\apjs},
   eprint = {astro-ph/0606440},
 keywords = {Atlases, Galaxies: Evolution, Galaxies: Fundamental Parameters, Galaxies: Photometry, Ultraviolet: Galaxies},
     year = 2007,
    month = dec,
   volume = 173,
    pages = {185-255},
      doi = {10.1086/516636},
   adsurl = {http://adsabs.harvard.edu/abs/2007ApJS..173..185G},
  adsnote = {Provided by the SAO/NASA Astrophysics Data System}
}
@ARTICLE{Geach12,
   author = {{Geach}, J.~E.},
    title = "{Unsupervised self-organized mapping: a versatile empirical tool for object selection, classification and redshift estimation in large surveys}",
  journal = {\mnras},
archivePrefix = "arXiv",
   eprint = {1110.0005},
 primaryClass = "astro-ph.IM",
 keywords = {methods: data analysis, methods: observational, methods: statistical},
     year = 2012,
    month = jan,
   volume = 419,
    pages = {2633-2645},
      doi = {10.1111/j.1365-2966.2011.19913.x},
   adsurl = {http://adsabs.harvard.edu/abs/2012MNRAS.419.2633G},
  adsnote = {Provided by the SAO/NASA Astrophysics Data System}
}

@misc{Vesanto05,
  author = {{Vesanto}, J.},
  title = "{SOM implementation in SOM Toolbox}",
  year = 2005,
  howpublished = "\url{http://www.cis.hut.fi/projects/somtoolbox/documentation/somalg.shtml}(accessed MARCH 2, 2016)",
  note ="(accessed MARCH 2, 2016)"
}

@article{matlabtolbox,
  title={MATLAB Neural Network Toolbox™ User's Guide, MathWorks, Version 8.0. 1 (Release 2013a)},
  author={Beale, MH and Hagan, MT and Demuth, HB},
  year={2013},
  publisher={The Math-Works Inc.}
}
@ARTICLE{Ball10,
   author = {{Ball}, N.~M. and {Brunner}, R.~J.},
    title = "{Data Mining and Machine Learning in Astronomy}",
  journal = {International Journal of Modern Physics D},
archivePrefix = "arXiv",
   eprint = {0906.2173},
 primaryClass = "astro-ph.IM",
 keywords = {Data mining, machine learning, knowledge discovery in databases, astroinformatics, astrostatistics, Virtual Observatory},
     year = 2010,
   volume = 19,
    pages = {1049-1106},
      doi = {10.1142/S0218271810017160},
   adsurl = {http://adsabs.harvard.edu/abs/2010IJMPD..19.1049B},
  adsnote = {Provided by the SAO/NASA Astrophysics Data System}
}


@ARTICLE{Shipley16,
   author = {{Shipley}, H.~V. and {Papovich}, C. and {Rieke}, G.~H. and {Brown}, M.~J.~I. and 
	{Moustakas}, J.},
    title = "{A New Star Formation Rate Calibration from Polycyclic Aromatic Hydrocarbon Emission Features and Application to High-redshift Galaxies}",
  journal = {\apj},
archivePrefix = "arXiv",
   eprint = {1601.01698},
 keywords = {galaxies: active, galaxies: evolution, galaxies: high-redshift, infrared: galaxies},
     year = 2016,
    month = feb,
   volume = 818,
      eid = {60},
    pages = {60},
      doi = {10.3847/0004-637X/818/1/60},
   adsurl = {http://adsabs.harvard.edu/abs/2016ApJ...818...60S},
  adsnote = {Provided by the SAO/NASA Astrophysics Data System}
}

@ARTICLE{Khramtsova14,
   author = {{Khramtsova}, M.~S. and {Wiebe}, D.~S. and {Lozinskaya}, T.~A. and 
	{Egorov}, O.~V.},
    title = "{Optical and infrared emission of H II complexes as a clue to the PAH life cycle}",
  journal = {\mnras},
archivePrefix = "arXiv",
   eprint = {1407.8307},
 primaryClass = "astro-ph.SR",
 keywords = {galaxies: ISM, infrared: galaxies, infrared: ISM},
     year = 2014,
    month = oct,
   volume = 444,
    pages = {757-775},
      doi = {10.1093/mnras/stu1482},
   adsurl = {http://adsabs.harvard.edu/abs/2014MNRAS.444..757K},
  adsnote = {Provided by the SAO/NASA Astrophysics Data System}
}

@ARTICLE{Khramtsova13,
   author = {{Khramtsova}, M.~S. and {Wiebe}, D.~S. and {Boley}, P.~A. and 
	{Pavlyuchenkov}, Y.~N.},
    title = "{Polycyclic aromatic hydrocarbons in spatially resolved extragalactic star-forming complexes}",
  journal = {\mnras},
archivePrefix = "arXiv",
   eprint = {1302.4837},
 keywords = {galaxies: photometry, infrared: galaxies},
     year = 2013,
    month = may,
   volume = 431,
    pages = {2006-2016},
      doi = {10.1093/mnras/stt319},
   adsurl = {http://adsabs.harvard.edu/abs/2013MNRAS.431.2006K},
  adsnote = {Provided by the SAO/NASA Astrophysics Data System}
}

@ARTICLE{Crocker13,
   author = {{Crocker}, A.~F. and {Calzetti}, D. and {Thilker}, D.~A. and 
	{Aniano}, G.  and {et al.}},
    title = "{Quantifying Non-star-formation-associated 8 {$\mu$}m Dust Emission in NGC 628}",
  journal = {\apj},
archivePrefix = "arXiv",
   eprint = {1211.3332},
 keywords = {galaxies: ISM, galaxies: spiral, galaxies: star formation, H II regions, Infrared: ISM},
     year = 2013,
    month = jan,
   volume = 762,
      eid = {79},
    pages = {79},
      doi = {10.1088/0004-637X/762/2/79},
   adsurl = {http://adsabs.harvard.edu/abs/2013ApJ...762...79C},
  adsnote = {Provided by the SAO/NASA Astrophysics Data System}
}

@ARTICLE{Lawton10,
   author = {{Lawton}, B. and {Gordon}, K.~D. and {Babler}, B. and {et al.}
	},
    title = "{Spitzer Analysis of H II Region Complexes in the Magellanic Clouds: Determining a Suitable Monochromatic Obscured Star Formation Indicator}",
  journal = {\apj},
archivePrefix = "arXiv",
   eprint = {1005.0036},
 primaryClass = "astro-ph.CO",
 keywords = {dust, extinction, galaxies: individual: LMC SMC, galaxies: ISM, H II regions},
     year = 2010,
    month = jun,
   volume = 716,
    pages = {453-473},
      doi = {10.1088/0004-637X/716/1/453},
   adsurl = {http://adsabs.harvard.edu/abs/2010ApJ...716..453L},
  adsnote = {Provided by the SAO/NASA Astrophysics Data System}
}

@ARTICLE{Calzetti07,
   author = {{Calzetti}, D. and {Kennicutt}, R.~C. and {Engelbracht}, C.~W.  and {et al.}},
    title = "{The Calibration of Mid-Infrared Star Formation Rate Indicators}",
  journal = {\apj},
archivePrefix = "arXiv",
   eprint = {0705.3377},
 keywords = {Galaxies: Interactions, Galaxies: ISM, Galaxies: Starburst, ISM: Structure},
     year = 2007,
    month = sep,
   volume = 666,
    pages = {870-895},
      doi = {10.1086/520082},
   adsurl = {http://adsabs.harvard.edu/abs/2007ApJ...666..870C},
  adsnote = {Provided by the SAO/NASA Astrophysics Data System}
}

@ARTICLE{Peeters04,
   author = {{Peeters}, E. and {Spoon}, H.~W.~W. and {Tielens}, A.~G.~G.~M.
	},
    title = "{Polycyclic Aromatic Hydrocarbons as a Tracer of Star Formation?}",
  journal = {\apj},
   eprint = {astro-ph/0406183},
 keywords = {Galaxies: ISM, ISM: H II Regions, Infrared: Galaxies, Infrared: ISM, ISM: Lines and Bands, ISM: Molecules},
     year = 2004,
    month = oct,
   volume = 613,
    pages = {986-1003},
      doi = {10.1086/423237},
   adsurl = {http://adsabs.harvard.edu/abs/2004ApJ...613..986P},
  adsnote = {Provided by the SAO/NASA Astrophysics Data System}
}
@ARTICLE{Tielens08,
   author = {{Tielens}, A.~G.~G.~M.},
    title = "{Interstellar Polycyclic Aromatic Hydrocarbon Molecules}",
  journal = {\araa},
     year = 2008,
    month = sep,
   volume = 46,
    pages = {289-337},
      doi = {10.1146/annurev.astro.46.060407.145211},
   adsurl = {http://adsabs.harvard.edu/abs/2008ARA%26A..46..289T},
  adsnote = {Provided by the SAO/NASA Astrophysics Data System}
}
@ARTICLE{Wu06,
   author = {{Wu}, Y. and {Charmandaris}, V. and {Hao}, L. and {et al.}},
    title = "{Mid-Infrared Properties of Low-Metallicity Blue Compact Dwarf Galaxies from the Spitzer Infrared Spectrograph}",
  journal = {\apj},
   eprint = {astro-ph/0510856},
 keywords = {ISM: Dust, Extinction, Galaxies: Abundances, Galaxies: Dwarf, Galaxies: Starburst, Infrared: Galaxies},
     year = 2006,
    month = mar,
   volume = 639,
    pages = {157-172},
      doi = {10.1086/499226},
   adsurl = {http://adsabs.harvard.edu/abs/2006ApJ...639..157W},
  adsnote = {Provided by the SAO/NASA Astrophysics Data System}
}

@ARTICLE{McConnachie05,
   author = {{McConnachie}, A.~W. and {Irwin}, M.~J. and {Ferguson}, A.~M.~N. and {et al.}},
    title = "{Distances and metallicities for 17 Local Group galaxies}",
  journal = {\mnras},
   eprint = {astro-ph/0410489},
 keywords = {galaxies: general, Local Group, galaxies: stellar content},
     year = 2005,
    month = jan,
   volume = 356,
    pages = {979-997},
      doi = {10.1111/j.1365-2966.2004.08514.x},
   adsurl = {http://adsabs.harvard.edu/abs/2005MNRAS.356..979M},
  adsnote = {Provided by the SAO/NASA Astrophysics Data System}
}
@ARTICLE{Dalcanton12,
   author = {{Dalcanton}, J.~J. and {Williams}, B.~F. and {Lang}, D. and {et al.}},
    title = "{The Panchromatic Hubble Andromeda Treasury}",
  journal = {\apjs},
archivePrefix = "arXiv",
   eprint = {1204.0010},
 keywords = {galaxies: individual: M31, galaxies: stellar content, stars: general, stars: imaging },
     year = 2012,
    month = jun,
   volume = 200,
      eid = {18},
    pages = {18},
      doi = {10.1088/0067-0049/200/2/18},
   adsurl = {http://adsabs.harvard.edu/abs/2012ApJS..200...18D},
  adsnote = {Provided by the SAO/NASA Astrophysics Data System}
}
@article{Wener04,
	Adsnote = {Provided by the SAO/NASA Astrophysics Data System},
	Adsurl = {http://adsabs.harvard.edu/abs/2004ApJS..154....1W},
	Author = {{Werner}, M.~W. and {Roellig}, T.~L. and {Low}, F.~J. and {et al.}},
	Doi = {10.1086/422992},
	Eprint = {astro-ph/0406223},
	Journal = {\apjs},
	Keywords = {Space Vehicles: Instruments, Telescopes},
	Month = sep,
	Pages = {1-9},
	Title = {{The Spitzer Space Telescope Mission}},
	Volume = 154,
	Year = 2004}%,
	Bdsk-Url-1 = {http://dx.doi.org/10.1086/422992}}
	
	
	
@article{Pilbratt10,
	Adsnote = {Provided by the SAO/NASA Astrophysics Data System},
	Adsurl = {http://adsabs.harvard.edu/abs/2010A%26A...518L...1P},
	Archiveprefix = {arXiv},
	Author = {{Pilbratt}, G.~L. and {Riedinger}, J.~R. and {Passvogel}, T. and {et al.}},
	Doi = {10.1051/0004-6361/201014759},
	Eid = {L1},
	Eprint = {1005.5331},
	Journal = {\aap},
	Keywords = {space vehicles, space vehicles: instruments, infrared: general, submillimetre: general},
	Month = jul,
	Pages = {L1},
	Primaryclass = {astro-ph.IM},
	Title = {{Herschel Space Observatory. An ESA facility for far-infrared and submillimetre astronomy}},
	Volume = 518,
	Year = 2010}
	@ARTICLE{Azimlu11,
   author = {{Azimlu}, M. and {Marciniak}, R. and {Barmby}, P.},
    title = "{A New Catalog of H II Regions in M31}",
  journal = {\aj},
archivePrefix = "arXiv",
   eprint = {1108.4044},
 primaryClass = "astro-ph.CO",
 keywords = {galaxies: individual: M31, H II regions},
     year = 2011,
    month = oct,
   volume = 142,
      eid = {139},
    pages = {139},
      doi = {10.1088/0004-6256/142/4/139},
   adsurl = {http://adsabs.harvard.edu/abs/2011AJ....142..139A},
  adsnote = {Provided by the SAO/NASA Astrophysics Data System}
}
@ARTICLE{Kapala15,
   author = {{Kapala}, M.~J. and {Sandstrom}, K. and {Groves}, B. and {Croxall}, K. and 
	{Kreckel}, K. and {Dalcanton}, J. and {Leroy}, A. and {Schinnerer}, E. and 
	{Walter}, F. and {Fouesneau}, M.},
    title = "{The Survey of Lines in M31 (SLIM): Investigating the Origins of [C II] Emission}",
  journal = {\apj},
archivePrefix = "arXiv",
   eprint = {1410.6158},
 keywords = {galaxies: individual: M31, galaxies: ISM, galaxies: star formation, ISM: lines and bands, ISM: structure},
     year = 2015,
    month = jan,
   volume = 798,
      eid = {24},
    pages = {24},
      doi = {10.1088/0004-637X/798/1/24},
   adsurl = {http://adsabs.harvard.edu/abs/2015ApJ...798...24K},
  adsnote = {Provided by the SAO/NASA Astrophysics Data System}
}
@ARTICLE{Fazio04,
   author = {{Fazio}, G.~G. and {Hora}, J.~L. and {Allen}, L.~E. and {Ashby}, M.~L.~N. and {Barmby}, P. and {et al.}},
    title = "{The Infrared Array Camera (IRAC) for the Spitzer Space Telescope}",
  journal = {\apjs},
   eprint = {astro-ph/0405616},
 keywords = {Infrared: General, Instrumentation: Detectors, Space Vehicles: Instruments},
     year = 2004,
    month = sep,
   volume = 154,
    pages = {10-17},
      doi = {10.1086/422843},
   adsurl = {http://adsabs.harvard.edu/abs/2004ApJS..154...10F},
  adsnote = {Provided by the SAO/NASA Astrophysics Data System}
}

@article{Mattsson14,
	Adsnote = {Provided by the SAO/NASA Astrophysics Data System},
	Adsurl = {http://adsabs.harvard.edu/abs/2014MNRAS.444..797M},
	Archiveprefix = {arXiv},
	Author = {{Mattsson}, L. and {Gomez}, H.~L. and {Andersen}, A.~C. and {Smith}, M.~W.~L. and {et al.}},
	Doi = {10.1093/mnras/stu1228},
	Eprint = {1406.7649},
	Journal = {\mnras},
	Keywords = {ISM: clouds, dust, extinction, ISM: evolution, galaxies: evolution, galaxies: individual: M31, galaxies: ISM},
	Month = oct,
	Pages = {797-807},
	Title = {{The Herschel exploitation of local galaxy Andromeda (HELGA) - V. Strengthening the case for substantial interstellar grain growth}},
	Volume = 444,
	Year = 2014,
	}
	
	@ARTICLE{Viaene14,
   author = {{Viaene}, S. and {Fritz}, J. and {Baes}, M.  and {et al.}},
    title = "{The Herschel Exploitation of Local Galaxy Andromeda (HELGA). IV. Dust scaling relations at sub-kpc resolution}",
  journal = {\aap},
archivePrefix = "arXiv",
   eprint = {1403.4272},
 keywords = {galaxies: individual: M 31, galaxies: ISM, infrared: ISM, galaxies: fundamental parameters, dust, extinction, methods: observational},
     year = 2014,
    month = jul,
   volume = 567,
      eid = {A71},
    pages = {A71},
      doi = {10.1051/0004-6361/201423534},
   adsurl = {http://adsabs.harvard.edu/abs/2014A%26A...567A..71V},
  adsnote = {Provided by the SAO/NASA Astrophysics Data System}
}

@article{Ford13,
	Adsnote = {Provided by the SAO/NASA Astrophysics Data System},
	Adsurl = {http://adsabs.harvard.edu/abs/2013ApJ...769...55F},
	Archiveprefix = {arXiv},
	Author = {{Ford}, G.~P. and {Gear}, W.~K. and {Smith}, M.~W.~L. and {et al.}},
	Doi = {10.1088/0004-637X/769/1/55},
	Eid = {55},
	Eprint = {1303.6284},
	Journal = {\apj},
	Keywords = {galaxies: evolution, galaxies: spiral, galaxies: star formation, infrared: galaxies, ISM: general, Local Group, stars: formation, submillimeter: ISM, ultraviolet: stars},
	Month = may,
	Pages = {55},
	Primaryclass = {astro-ph.CO},
	Title = {{Herschel Exploitation of Local Galaxy Andromeda (HELGA). III. The Star Formation Law in M31}},
	Volume = 769,
	Year = 2013}
	
@ARTICLE{Smith12,
   author = {{Smith}, M.~W.~L. and {Eales}, S.~A. and {Gomez}, H.~L. and {et al.}},
    title = "{The Herschel Exploitation of Local Galaxy Andromeda (HELGA). II. Dust and Gas in Andromeda}",
  journal = {\apj},
archivePrefix = "arXiv",
   eprint = {1204.0785},
 keywords = {galaxies: evolution, galaxies: individual: M31, galaxies: ISM, Local Group},
     year = 2012,
    month = sep,
   volume = 756,
      eid = {40},
    pages = {40},
      doi = {10.1088/0004-637X/756/1/40},
   adsurl = {http://adsabs.harvard.edu/abs/2012ApJ...756...40S},
  adsnote = {Provided by the SAO/NASA Astrophysics Data System}
}

@ARTICLE{Tamm12,
   author = {{Tamm}, A. and {Tempel}, E. and {Tenjes}, P. and and {et al.}},
    title = "{Stellar mass map and dark matter distribution in M 31}",
  journal = {\aap},
archivePrefix = "arXiv",
   eprint = {1208.5712},
 primaryClass = "astro-ph.CO",
 keywords = {galaxies: individual: Andromeda (M 31), galaxies: structure, galaxies: fundamental parameters, dark matter, galaxies: halos, galaxies: kinematics and dynamics},
     year = 2012,
    month = oct,
   volume = 546,
      eid = {A4},
    pages = {A4},
      doi = {10.1051/0004-6361/201220065},
   adsurl = {http://adsabs.harvard.edu/abs/2012A%26A...546A...4T},
  adsnote = {Provided by the SAO/NASA Astrophysics Data System}
}

@article{Tabatabaei10,
	Adsnote = {Provided by the SAO/NASA Astrophysics Data System},
	Adsurl = {http://adsabs.harvard.edu/abs/2010A%26A...517A..77T},
	Archiveprefix = {arXiv},
	Author = {{Tabatabaei}, F.~S. and {Berkhuijsen}, E.~M.},
	Doi = {10.1051/0004-6361/200913593},
	Eid = {A77},
	Eprint = {1004.4306},
	Journal = {\aap},
	Keywords = {galaxies: individual: M 31, galaxies: ISM, dust, extinction, ISM: general, stars: formation},
	Month = jul,
	Pages = {A77},
	Primaryclass = {astro-ph.GA},
	Title = {{Relating dust, gas, and the rate of star formation in M 31}},
	Volume = 517,
	Year = 2010}
	
@ARTICLE{Ellison16a,
   author = {{Ellison}, S.~L. and {Teimoorinia}, H. and {Rosario}, D.~J. and 
	{Mendel}, J.~T.},
    title = "{The infrared luminosities of {\tilde}332 000 SDSS galaxies predicted from artificial neural networks and the Herschel Stripe 82 survey}",
  journal = {\mnras},
archivePrefix = "arXiv",
   eprint = {1509.09004},
 keywords = {methods: data analysis, methods: numerical, galaxies: active, galaxies: fundamental parameters, galaxies: statistics, infrared: galaxies},
     year = 2016,
    month = jan,
   volume = 455,
    pages = {370-385},
      doi = {10.1093/mnras/stv2275},
   adsurl = {http://adsabs.harvard.edu/abs/2016MNRAS.455..370E},
  adsnote = {Provided by the SAO/NASA Astrophysics Data System}
}

@ARTICLE{Ellison16b,
   author = {{Ellison}, S.~L. and {Teimoorinia}, H. and {Rosario}, D.~J. and {et al.}},
    title = "{The star formation rates of active galactic nuclei host galaxies}",
  journal = {\mnras},
archivePrefix = "arXiv",
   eprint = {1601.03349},
 keywords = {galaxies: active, galaxies: interactions, galaxies: Seyfert},
     year = 2016,
    month = may,
   volume = 458,
    pages = {L34-L38},
      doi = {10.1093/mnrasl/slw012},
   adsurl = {http://adsabs.harvard.edu/abs/2016MNRAS.458L..34E},
  adsnote = {Provided by the SAO/NASA Astrophysics Data System}
}

@ARTICLE{Hossein16,
   author = {{Teimoorinia}, H. and {Bluck}, A.~F.~L. and {Ellison}, S.~L.
	},
    title = "{An artificial neural network approach for ranking quenching parameters in central galaxies}",
  journal = {\mnras},
archivePrefix = "arXiv",
   eprint = {1601.01258},
 keywords = {methods: data analysis, galaxies: active, galaxies: evolution, galaxies: formation, galaxies: star formation, galaxies: statistics},
     year = 2016,
    month = apr,
   volume = 457,
    pages = {2086-2106},
      doi = {10.1093/mnras/stw036},
   adsurl = {http://adsabs.harvard.edu/abs/2016MNRAS.457.2086T},
  adsnote = {Provided by the SAO/NASA Astrophysics Data System}
}

@ARTICLE{DAbrusco12,
   author = {{D'Abrusco}, R. and {Fabbiano}, G. and {Djorgovski}, G. and {et al.}},
    title = "{CLaSPS: A New Methodology for Knowledge Extraction from Complex Astronomical Data Sets}",
  journal = {\apj},
archivePrefix = "arXiv",
   eprint = {1206.2919},
 primaryClass = "astro-ph.IM",
 keywords = {catalogs, methods: statistical, surveys},
     year = 2012,
    month = aug,
   volume = 755,
      eid = {92},
    pages = {92},
      doi = {10.1088/0004-637X/755/2/92},
   adsurl = {http://adsabs.harvard.edu/abs/2012ApJ...755...92D},
  adsnote = {Provided by the SAO/NASA Astrophysics Data System}
}

@ARTICLE{Odewahn92,
   author = {{Odewahn}, S.~C. and {Stockwell}, E.~B. and {Pennington}, R.~L. and {et al.}},
    title = "{Automated star/galaxy discrimination with neural networks}",
  journal = {\aj},
 keywords = {Astrometry, Astronomical Catalogs, Galaxies, Neural Nets, Sky Surveys (Astronomy), Star Distribution, Classifying, Image Analysis, Optical Scanners},
     year = 1992,
    month = jan,
   volume = 103,
    pages = {318-331},
      doi = {10.1086/116063},
   adsurl = {http://adsabs.harvard.edu/abs/1992AJ....103..318O},
  adsnote = {Provided by the SAO/NASA Astrophysics Data System}
}

@ARTICLE{Hernandez94,
   author = {{Hernandez-Pajares}, M. and {Floris}, J.},
    title = "{Classification of the HIPPARCOS Input Catalogue Using the Kohonen Network}",
  journal = {\mnras},
 keywords = {methods: data analysis - catalogues - stars: fundamental parameters - solar neighbourhood},
     year = 1994,
    month = may,
   volume = 268,
    pages = {444},
      doi = {10.1093/mnras/268.2.444},
   adsurl = {http://adsabs.harvard.edu/abs/1994MNRAS.268..444H},
  adsnote = {Provided by the SAO/NASA Astrophysics Data System}
}

@INPROCEEDINGS{Murtagh95,
   author = {{Murtagh}, F.},
    title = "{Unsupervised Catalog Classification}",
booktitle = {Astronomical Data Analysis Software and Systems IV},
     year = 1995,
   series = {Astronomical Society of the Pacific Conference Series},
   volume = 77,
    pages = {264},
   adsurl = {http://adsabs.harvard.edu/abs/1995ASPC...77..264M},
  adsnote = {Provided by the SAO/NASA Astrophysics Data System}
}
% editor = {{Shaw}, R.~A. and {Payne}, H.~E. and {Hayes}, J.~J.~E.},

@ARTICLE{Maehoenen95,
   author = {{Maehoenen}, P.~H. and {Hakala}, P.~J.},
    title = "{Automated Source Classification Using a Kohonen Network}",
  journal = {\apjl},
   eprint = {astro-ph/9508019},
 keywords = {METHODS: DATA ANALYSIS, METHODS: NUMERICAL, TECHNIQUES: IMAGE PROCESSING},
     year = 1995,
    month = oct,
   volume = 452,
    pages = {L77},
      doi = {10.1086/309697},
   adsurl = {http://adsabs.harvard.edu/abs/1995ApJ...452L..77M},
  adsnote = {Provided by the SAO/NASA Astrophysics Data System}
}
@ARTICLE{Miller96,
   author = {{Miller}, A.~S. and {Coe}, M.~J.},
    title = "{Star/galaxy classification using Kohonen self-organizing maps}",
  journal = {\mnras},
 keywords = {METHODS: DATA ANALYSIS, TECHNIQUES: IMAGE PROCESSING, ASTRONOMICAL DATA BASES: MISCELLANEOUS, CATALOGUES, SURVEYS, STARS: GENERAL},
     year = 1996,
    month = mar,
   volume = 279,
    pages = {293-300},
      doi = {10.1093/mnras/279.1.293},
   adsurl = {http://adsabs.harvard.edu/abs/1996MNRAS.279..293M},
  adsnote = {Provided by the SAO/NASA Astrophysics Data System}
}

@ARTICLE{Scaringi09,
   author = {{Scaringi}, S. and {Cottis}, C.~E. and {Knigge}, C. and {et al.}
	},
    title = "{Classifying broad absorption line quasars: metrics, issues and a new catalogue constructed from SDSS DR5}",
  journal = {\mnras},
archivePrefix = "arXiv",
   eprint = {0907.2525},
 keywords = {catalogues , surveys , quasars: absorption lines},
     year = 2009,
    month = nov,
   volume = 399,
    pages = {2231-2238},
      doi = {10.1111/j.1365-2966.2009.15426.x},
   adsurl = {http://adsabs.harvard.edu/abs/2009MNRAS.399.2231S},
  adsnote = {Provided by the SAO/NASA Astrophysics Data System}
}
@ARTICLE{Meusinger16,
   author = {{Meusinger}, H. and {Schalldach}, P. and {Mirhosseini}, A. and {et al.}},
    title = "{Broad-band spectral energy distribution of 3000 {\AA} break quasars from the Sloan Digital Sky Survey}",
  journal = {\aap},
archivePrefix = "arXiv",
   eprint = {1601.00544},
 keywords = {quasars: general, quasars: absorption lines},
     year = 2016,
    month = mar,
   volume = 587,
      eid = {A83},
    pages = {A83},
      doi = {10.1051/0004-6361/201527277},
   adsurl = {http://adsabs.harvard.edu/abs/2016A%26A...587A..83M},
  adsnote = {Provided by the SAO/NASA Astrophysics Data System}
}
@ARTICLE{Fustes13,
   author = {{Fustes}, D. and {Manteiga}, M. and {Dafonte}, C. and {et al.}	},
    title = "{An approach to the analysis of SDSS spectroscopic outliers based on self-organizing maps. Designing the outlier analysis software package for the next Gaia survey}",
  journal = {\aap},
 keywords = {Galaxy: general, methods: data analysis, methods: statistical, methods: miscellaneous},
     year = 2013,
    month = nov,
   volume = 559,
      eid = {A7},
    pages = {A7},
      doi = {10.1051/0004-6361/201321445},
   adsurl = {http://adsabs.harvard.edu/abs/2013A%26A...559A...7F},
  adsnote = {Provided by the SAO/NASA Astrophysics Data System}
}

@article{Rahmani16b,
  author  = {{Rahmani}, S. and {Teimoorinia}, H. and {Barmby}, P.}, 
  title = "{Clustering galaxy spectra at $0.5<z<1$: an unsupervised approach}",
  year    = "Submitted 2016",
  Month = June,
  journal = {\mnras}}
  
  @ARTICLE{Aycha16,
   author = {{Tammour}, A. and {Gallagher}, S.~C. and {Daley}, M. and {Richards}, G.~T.
	},
    title = "{Insights into quasar UV spectra using unsupervised clustering analysis}",
  journal = {\mnras},
archivePrefix = "arXiv",
   eprint = {1603.03318},
 keywords = {quasars: absorption lines, quasars: emission lines},
     year = 2016,
    month = jun,
   volume = 459,
    pages = {1659-1681},
      doi = {10.1093/mnras/stw586},
   adsurl = {http://adsabs.harvard.edu/abs/2016MNRAS.459.1659T},
  adsnote = {Provided by the SAO/NASA Astrophysics Data System}
}

@article{Mangiameli96,
  title={A comparison of SOM neural network and hierarchical clustering methods},
  author={Mangiameli, Paul and Chen, Shaw K and West, David},
  journal={European Journal of Operational Research},
  volume={93},
  number={2},
  pages={402--417},
  year={1996},
  publisher={Elsevier}
}
@ARTICLE{Eskew12,
   author = {{Eskew}, M. and {Zaritsky}, D. and {Meidt}, S.},
    title = "{Converting from 3.6 and 4.5 {$\mu$}m Fluxes to Stellar Mass}",
  journal = {\aj},
archivePrefix = "arXiv",
   eprint = {1204.0524},
 keywords = {galaxies: fundamental parameters, galaxies: stellar content, Magellanic Clouds},
     year = 2012,
    month = jun,
   volume = 143,
      eid = {139},
    pages = {139},
      doi = {10.1088/0004-6256/143/6/139},
   adsurl = {http://adsabs.harvard.edu/abs/2012AJ....143..139E},
  adsnote = {Provided by the SAO/NASA Astrophysics Data System}
}

@ARTICLE{Aniano12,
   author = {{Aniano}, G. and {Draine}, B.~T. and {Calzetti}, D. and {et al.}},
    title = "{Modeling Dust and Starlight in Galaxies Observed by Spitzer and Herschel: NGC 628 and NGC 6946}",
  journal = {\apj},
archivePrefix = "arXiv",
   eprint = {1207.4186},
 keywords = {dust, extinction, galaxies: abundances, galaxies: general, galaxies: ISM, infrared: galaxies, ISM: general},
     year = 2012,
    month = sep,
   volume = 756,
      eid = {138},
    pages = {138},
      doi = {10.1088/0004-637X/756/2/138},
   adsurl = {http://adsabs.harvard.edu/abs/2012ApJ...756..138A},
  adsnote = {Provided by the SAO/NASA Astrophysics Data System}
}
@ARTICLE{Cesarsky98,
   author = {{Cesarsky}, D. and {Lequeux}, J. and {Pagani}, L. and {et al.}},
    title = "{The strange mid-infrared spectrum of M 31: ISOCAM observations}",
  journal = {\aap},
 keywords = {GALAXIES: M 31, GALAXIES: ISM, DUST, EXTINCTION, INFRARED: ISM: LINES AND BANDS, INFRARED: STARS, STARS: CARBON},
     year = 1998,
    month = sep,
   volume = 337,
    pages = {L35-L38},
   adsurl = {http://adsabs.harvard.edu/abs/1998A%26A...337L..35C},
  adsnote = {Provided by the SAO/NASA Astrophysics Data System}
}
@ARTICLE{Calzetti94,
   author = {{Calzetti}, D. and {Kinney}, A.~L. and {Storchi-Bergmann}, T.
	},
    title = "{Dust extinction of the stellar continua in starburst galaxies: The ultraviolet and optical extinction law}",
  journal = {\apj},
 keywords = {Astronomical Models, Continuums, Distribution Functions, Interplanetary Dust, Interstellar Extinction, Metallicity, Spectra, Spectral Energy Distribution, Starburst Galaxies, Ultraviolet Spectra, Analytic Functions, Apertures, Average, Calibrating, Derivation, Extraction, Iue, Numerical Analysis, Optimization, Photometry},
     year = 1994,
    month = jul,
   volume = 429,
    pages = {582-601},
      doi = {10.1086/174346},
   adsurl = {http://adsabs.harvard.edu/abs/1994ApJ...429..582C},
  adsnote = {Provided by the SAO/NASA Astrophysics Data System}
}
@ARTICLE{Sandstrom10,
   author = {{Sandstrom}, K.~M. and {Bolatto}, A.~D. and {Draine}, B.~T. and {et al.}},
    title = "{The Spitzer Survey of the Small Magellanic Cloud (S$^{3}$MC): Insights into the Life Cycle of Polycyclic Aromatic Hydrocarbons}",
  journal = {\apj},
archivePrefix = "arXiv",
   eprint = {1003.4516},
 keywords = {dust, extinction, infrared: ISM, Magellanic Clouds},
     year = 2010,
    month = jun,
   volume = 715,
    pages = {701-723},
      doi = {10.1088/0004-637X/715/2/701},
   adsurl = {http://adsabs.harvard.edu/abs/2010ApJ...715..701S},
  adsnote = {Provided by the SAO/NASA Astrophysics Data System}
}
@ARTICLE{Calapa14,
   author = {{Calapa}, M.~D. and {Calzetti}, D. and {Draine}, B.~T. and {et al.}},
    title = "{The Heating of Mid-infrared Dust in the Nearby Galaxy M33: A Testbed for Tracing Galaxy Evolution}",
  journal = {\apj},
archivePrefix = "arXiv",
   eprint = {1402.4668},
 keywords = {dust, extinction, galaxies: individual: M33, galaxies: ISM, infrared: ISM, Local Group },
     year = 2014,
    month = apr,
   volume = 784,
      eid = {130},
    pages = {130},
      doi = {10.1088/0004-637X/784/2/130},
   adsurl = {http://adsabs.harvard.edu/abs/2014ApJ...784..130C},
  adsnote = {Provided by the SAO/NASA Astrophysics Data System}
}

@ARTICLE{Bendo08,
   author = {{Bendo}, G.~J. and {Draine}, B.~T. and {Engelbracht}, C.~W. and 
	{Helou}, G. and {et al.}},
    title = "{The relations among 8, 24 and 160 {$\mu$}m dust emission within nearby spiral galaxies}",
  journal = {\mnras},
archivePrefix = "arXiv",
   eprint = {0806.2758},
 keywords = {galaxies: ISM , infrared: galaxies},
     year = 2008,
    month = sep,
   volume = 389,
    pages = {629-650},
      doi = {10.1111/j.1365-2966.2008.13567.x},
   adsurl = {http://adsabs.harvard.edu/abs/2008MNRAS.389..629B},
  adsnote = {Provided by the SAO/NASA Astrophysics Data System}
}

@ARTICLE{Haas02,
   author = {{Haas}, M. and {Klaas}, U. and {Bianchi}, S.},
    title = "{The relation of PAH strength with cold dust in galaxies}",
  journal = {\aap},
 keywords = {GALAXIES: NGC 891, NGC 1569, NGC 6946, NGC 7331, ARP 244, ISM, INFRARED: GALAXIES},
     year = 2002,
    month = apr,
   volume = 385,
    pages = {L23-L26},
      doi = {10.1051/0004-6361:20020222},
   adsurl = {http://adsabs.harvard.edu/abs/2002A%26A...385L..23H},
  adsnote = {Provided by the SAO/NASA Astrophysics Data System}
}

@ARTICLE{Jones15,
   author = {{Jones}, A.~G. and {Bendo}, G.~J. and {Baes}, M. and {Boquien}, M. and {et al.}},
    title = "{The relationship between polycyclic aromatic hydrocarbon emission and far-infrared dust emission from NGC 2403 and M83}",
  journal = {\mnras},
archivePrefix = "arXiv",
   eprint = {1412.7344},
 keywords = {galaxies: individual: M83, galaxies: individual: NGC 2403, galaxies: ISM, galaxies: spiral, infrared: galaxies},
     year = 2015,
    month = mar,
   volume = 448,
    pages = {168-187},
      doi = {10.1093/mnras/stu2715},
   adsurl = {http://adsabs.harvard.edu/abs/2015MNRAS.448..168J},
  adsnote = {Provided by the SAO/NASA Astrophysics Data System}
}
@ARTICLE{Lu14,
   author = {{Lu}, N. and {Bendo}, G.~J. and {Boselli}, A. and {et al.}},
    title = "{Quantifying the Heating Sources for Mid-infrared Dust Emissions in Galaxies: The Case of M 81}",
  journal = {\apj},
archivePrefix = "arXiv",
   eprint = {1410.3874},
 keywords = {galaxies: individual: M 81, galaxies: ISM, galaxies: star formation, infrared: galaxies, infrared: ISM, ISM: lines and bands},
     year = 2014,
    month = dec,
   volume = 797,
      eid = {129},
    pages = {129},
      doi = {10.1088/0004-637X/797/2/129},
   adsurl = {http://adsabs.harvard.edu/abs/2014ApJ...797..129L},
  adsnote = {Provided by the SAO/NASA Astrophysics Data System}
}
@ARTICLE{Seok14,
   author = {{Seok}, J.~Y. and {Hirashita}, H. and {Asano}, R.~S.},
    title = "{Formation history of polycyclic aromatic hydrocarbons in galaxies}",
  journal = {\mnras},
archivePrefix = "arXiv",
   eprint = {1401.3943},
 keywords = {dust, extinction, ISM: evolution, ISM: lines and bands, galaxies: evolution, galaxies: ISM},
     year = 2014,
    month = apr,
   volume = 439,
    pages = {2186-2196},
      doi = {10.1093/mnras/stu120},
   adsurl = {http://adsabs.harvard.edu/abs/2014MNRAS.439.2186S},
  adsnote = {Provided by the SAO/NASA Astrophysics Data System}
}
@ARTICLE{Clayton03,
   author = {{Clayton}, G.~C. and {Gordon}, K.~D. and {Salama}, F. and {et al.}},
    title = "{The Role of Polycyclic Aromatic Hydrocarbons in Ultraviolet Extinction. I. Probing Small Molecular Polycyclic Aromatic Hydrocarbons}",
  journal = {\apj},
   eprint = {astro-ph/0304025},
 keywords = {ISM: Dust, Extinction, ISM: Lines and Bands, ISM: Molecules, Ultraviolet: ISM},
     year = 2003,
    month = aug,
   volume = 592,
    pages = {947-952},
      doi = {10.1086/375771},
   adsurl = {http://adsabs.harvard.edu/abs/2003ApJ...592..947C},
  adsnote = {Provided by the SAO/NASA Astrophysics Data System}
}
@ARTICLE{Leitherer99,
   author = {{Leitherer}, C. and {Schaerer}, D. and {Goldader}, J.~D. and 
	{Delgado}, R.~M.~G. and {Robert}, C. and {Kune}, D.~F. and {de Mello}, D.~F. and 
	{Devost}, D. and {Heckman}, T.~M.},
    title = "{Starburst99: Synthesis Models for Galaxies with Active Star Formation}",
  journal = {\apjs},
   eprint = {astro-ph/9902334},
 keywords = {GALAXIES: EVOLUTION, GALAXIES: FUNDAMENTAL PARAMETERS, GALAXIES: STARBURST, GALAXIES: STELLAR CONTENT, METHODS: NUMERICAL, Galaxies: Evolution, Galaxies: Fundamental Parameters, Galaxies: Starburst, Galaxies: Stellar Content, Methods: Numerical},
     year = 1999,
    month = jul,
   volume = 123,
    pages = {3-40},
      doi = {10.1086/313233},
   adsurl = {http://adsabs.harvard.edu/abs/1999ApJS..123....3L},
  adsnote = {Provided by the SAO/NASA Astrophysics Data System}
}
@article{Boquien10,
	Adsnote = {Provided by the SAO/NASA Astrophysics Data System},
	Adsurl = {http://adsabs.harvard.edu/abs/2010ApJ...713..626B},
	Archiveprefix = {arXiv},
	Author = {{Boquien}, M. and {Bendo}, G. and {Calzetti}, D. and {et al.}},
	Doi = {10.1088/0004-637X/713/1/626},
	Eprint = {1003.1339},
	Journal = {\apj},
	Keywords = {infrared: galaxies},
	Month = apr,
	Pages = {626-636},
	Primaryclass = {astro-ph.CO},
	Title = {{Total Infrared Luminosity Estimation of Resolved and Unresolved Galaxies}},
	Volume = 713,
	Year = 2010,
	Bdsk-Url-1 = {http://dx.doi.org/10.1088/0004-637X/713/1/626}
	}
	@ARTICLE{Draine07,
   author = {{Draine}, B.~T. and {Dale}, D.~A. and {Bendo}, G. and {Gordon}, K.~D. and {et al.}},
    title = "{Dust Masses, PAH Abundances, and Starlight Intensities in the SINGS Galaxy Sample}",
  journal = {\apj},
   eprint = {astro-ph/0703213},
 keywords = {ISM: Dust, Extinction, Galaxies: Abundances, Galaxies: General, Galaxies: ISM, Infrared: Galaxies, ISM: General},
     year = 2007,
    month = jul,
   volume = 663,
    pages = {866-894},
      doi = {10.1086/518306},
   adsurl = {http://adsabs.harvard.edu/abs/2007ApJ...663..866D},
  adsnote = {Provided by the SAO/NASA Astrophysics Data System}
}

@ARTICLE{chan2013,
   author = {{Chan}, S.~J. and {Beckman}, J.~E.},
    title = "{Statistical studies of HII regions in nearby galaxies. I. Spitzer near-IR luminosities and temperatures, compared with H{$\alpha$} luminosities, from selected HII regions in M100}",
  journal = {\aap},
 keywords = {galaxies: individual: M 100, galaxies: ISM, HII regions, infrared: galaxies, methods: statistical, infrared: ISM},
     year = 2013,
    month = may,
   volume = 553,
      eid = {A54},
    pages = {A54},
      doi = {10.1051/0004-6361/201220894},
   adsurl = {http://adsabs.harvard.edu/abs/2013A%26A...553A..54C},
  adsnote = {Provided by the SAO/NASA Astrophysics Data System}
}

@ARTICLE{crocker2013,
   author = {{Crocker}, A.~F. and {Calzetti}, D. and {Thilker}, D.~A.and {et al.}},
    title = "{Quantifying Non-star-formation-associated 8 {$\mu$}m Dust Emission in NGC 628}",
  journal = {\apj},
archivePrefix = "arXiv",
   eprint = {1211.3332},
 keywords = {galaxies: ISM, galaxies: spiral, galaxies: star formation, H II regions, Infrared: ISM},
     year = 2013,
    month = jan,
   volume = 762,
      eid = {79},
    pages = {79},
      doi = {10.1088/0004-637X/762/2/79},
   adsurl = {http://adsabs.harvard.edu/abs/2013ApJ...762...79C},
  adsnote = {Provided by the SAO/NASA Astrophysics Data System}
}

@article{Leroy08,
	Adsnote = {Provided by the SAO/NASA Astrophysics Data System},
	Adsurl = {http://adsabs.harvard.edu/abs/2008AJ....136.2782L},
	Archiveprefix = {arXiv},
	Author = {{Leroy}, A.~K. and {Walter}, F. and {Brinks}, E. and {et al.}},
	Doi = {10.1088/0004-6256/136/6/2782},
	Eprint = {0810.2556},
	Journal = {\aj},
	Keywords = {galaxies: evolution, galaxies: ISM, radio lines: galaxies, stars: formation},
	Month = dec,
	Pages = {2782-2845},
	Title = {{The Star Formation Efficiency in Nearby Galaxies: Measuring Where Gas Forms Stars Effectively}},
	Volume = 136,
	Year = 2008,
	Bdsk-Url-1 = {http://dx.doi.org/10.1088/0004-6256/136/6/2782}}

	@ARTICLE{Wong13,
   author = {{Wong}, T. and {Xue}, R. and {Bolatto}, A.~D. and {Leroy}, A.~K. and {et al.}
	},
    title = "{CARMA Survey toward Infrared-bright Nearby Galaxies (STING). III. The Dependence of Atomic and Molecular Gas Surface Densities on Galaxy Properties}",
  journal = {\apjl},
archivePrefix = "arXiv",
   eprint = {1309.6513},
 keywords = {galaxies: ISM, ISM: atoms, ISM: molecules },
     year = 2013,
    month = nov,
   volume = 777,
      eid = {L4},
    pages = {L4},
      doi = {10.1088/2041-8205/777/1/L4},
   adsurl = {http://adsabs.harvard.edu/abs/2013ApJ...777L...4W},
  adsnote = {Provided by the SAO/NASA Astrophysics Data System}
}
@article{Freundlich13,
	Adsnote = {Provided by the SAO/NASA Astrophysics Data System},
	Adsurl = {http://adsabs.harvard.edu/abs/2013A%26A...553A.130F},
	Archiveprefix = {arXiv},
	Author = {{Freundlich}, J. and {Combes}, F. and {Tacconi}, L.~J. and {Cooper}, M.~C. and {et al.}},
	Doi = {10.1051/0004-6361/201220981},
	Eid = {A130},
	Eprint = {1301.0628},
	Journal = {\aap},
	Keywords = {galaxies: evolution, galaxies: high-redshift, galaxies: structure, stars: formation, galaxies: ISM, galaxies: starburst},
	Month = may,
	Pages = {A130},
	Primaryclass = {astro-ph.CO},
	Title = {{Towards a resolved Kennicutt-Schmidt law at high redshift}},
	Volume = 553,
	Year = 2013,
	}
	@ARTICLE{Walch11,
   author = {{Walch}, S. and {W{\"u}nsch}, R. and {Burkert}, A. and {Glover}, S. and 
	{Whitworth}, A.},
    title = "{The Turbulent Fragmentation of the Interstellar Medium: The Impact of Metallicity on Global Star Formation}",
  journal = {\apj},
archivePrefix = "arXiv",
   eprint = {1101.2894},
 keywords = {evolution, galaxies: high-redshift, galaxies: ISM, galaxies: star formation, ISM: clouds, ISM: general},
     year = 2011,
    month = may,
   volume = 733,
      eid = {47},
    pages = {47},
      doi = {10.1088/0004-637X/733/1/47},
   adsurl = {http://adsabs.harvard.edu/abs/2011ApJ...733...47W},
  adsnote = {Provided by the SAO/NASA Astrophysics Data System}
}
@ARTICLE{Freedman01,
   author = {{Freedman}, W.~L. and {Madore}, B.~F. and {Gibson}, B.~K. and 
	{Ferrarese}, L. and {Kelson}, D.~D. and {Sakai}, S. and {Mould}, J.~R. and 
	{Kennicutt}, Jr., R.~C. and {Ford}, H.~C. and {Graham}, J.~A. and 
	{Huchra}, J.~P. and {Hughes}, S.~M.~G. and {Illingworth}, G.~D. and 
	{Macri}, L.~M. and {Stetson}, P.~B.},
    title = "{Final Results from the Hubble Space Telescope Key Project to Measure the Hubble Constant}",
  journal = {\apj},
   eprint = {astro-ph/0012376},
 keywords = {Stars: Variables: Cepheids, Cosmology: Observations, Cosmology: Distance Scale, Galaxies: Distances and Redshifts},
     year = 2001,
    month = may,
   volume = 553,
    pages = {47-72},
      doi = {10.1086/320638},
   adsurl = {http://adsabs.harvard.edu/abs/2001ApJ...553...47F},
  adsnote = {Provided by the SAO/NASA Astrophysics Data System}
}
@ARTICLE{Kennicutt03,
   author = {{Kennicutt}, Jr., R.~C. and {Bresolin}, F. and {Garnett}, D.~R.
	},
    title = "{The Composition Gradient in M101 Revisited. II. Electron Temperatures and Implications for the Nebular Abundance Scale}",
  journal = {\apj},
   eprint = {astro-ph/0303452},
 keywords = {Galaxies: Abundances, Galaxies: Individual: Messier Number: M101, Galaxies: Individual: NGC Number: NGC 5457, Galaxies: ISM, Galaxies: Spiral, ISM: H II Regions},
     year = 2003,
    month = jul,
   volume = 591,
    pages = {801-820},
      doi = {10.1086/375398},
   adsurl = {http://adsabs.harvard.edu/abs/2003ApJ...591..801K},
  adsnote = {Provided by the SAO/NASA Astrophysics Data System}
}
@ARTICLE{Calzetti10,
   author = {{Calzetti}, D. and {Chandar}, R. and {Lee}, J.~C. and {Elmegreen}, B.~G. and 
	{Kennicutt}, R.~C. and {Whitmore}, B.},
    title = "{A Method for Measuring Variations in the Stellar Initial Mass Function}",
  journal = {\apjl},
archivePrefix = "arXiv",
   eprint = {1007.3188},
 keywords = {galaxies: individual: NGC5194, galaxies: star clusters: general, galaxies: star formation, stars: luminosity function, mass function, stars: massive},
     year = 2010,
    month = aug,
   volume = 719,
    pages = {L158-L161},
      doi = {10.1088/2041-8205/719/2/L158},
   adsurl = {http://adsabs.harvard.edu/abs/2010ApJ...719L.158C},
  adsnote = {Provided by the SAO/NASA Astrophysics Data System}
}

@ARTICLE{Engelbracht08,
   author = {{Engelbracht}, C.~W. and {Rieke}, G.~H. and {Gordon}, K.~D. and 
	{Smith}, J.-D.~T. and {Werner}, M.~W. and {Moustakas}, J. and 
	{Willmer}, C.~N.~A. and {Vanzi}, L.},
    title = "{Metallicity Effects on Dust Properties in Starbursting Galaxies}",
  journal = {\apj},
archivePrefix = "arXiv",
   eprint = {0801.1700},
 keywords = {galaxies: ISM, infrared: galaxies},
     year = 2008,
    month = may,
   volume = 678,
      eid = {804-827},
    pages = {804-827},
      doi = {10.1086/529513},
   adsurl = {http://adsabs.harvard.edu/abs/2008ApJ...678..804E},
  adsnote = {Provided by the SAO/NASA Astrophysics Data System}
}
